symbol,report_type,fiscal_date,reported_currency,grossProfit,totalRevenue,costOfRevenue,costofGoodsAndServicesSold,operatingIncome,sellingGeneralAndAdministrative,researchAndDevelopment,operatingExpenses,investmentIncomeNet,netInterestIncome,interestIncome,interestExpense,nonInterestIncome,otherNonOperatingIncome,depreciation,depreciationAndAmortization,incomeBeforeTax,incomeTaxExpense,interestAndDebtExpense,netIncomeFromContinuingOperations,comprehensiveIncomeNetOfTax,ebit,ebitda,netIncome
JNJ,annual,2024-12-31,USD,61350000000,88821000000,27471000000,27471000000,22149000000,21969000000,17232000000,66672000000,0,577000000,1332000000,755000000,0,0,0,7339000000,16687000000,2621000000,0,14066000000,0,17442000000,24781000000,14066000000
JNJ,annual,2023-12-31,USD,58413000000,85159000000,26739000000,26739000000,21853000000,21012000000,15048000000,36560000000,0,489000000,1261000000,1247000000,0,0,0,7486000000,15062000000,1736000000,0,13326000000,0,21853000000,29339000000,35153000000
JNJ,annual,2022-12-31,USD,55394000000,79990000000,24596000000,24596000000,21013000000,20246000000,14135000000,34381000000,0,214000000,490000000,276000000,0,-1381000000,0,6970000000,19359000000,2989000000,0,16370000000,0,19635000000,26605000000,17941000000
JNJ,annual,2021-12-31,USD,55338000000,78740000000,23402000000,23402000000,20943000000,20118000000,14277000000,34395000000,0,-130000000,53000000,183000000,0,-436000000,0,7390000000,19178000000,1377000000,0,17801000000,0,19361000000,26751000000,20878000000
JNJ,annual,2020-12-31,USD,54157000000,82584000000,28427000000,28427000000,19733000000,22084000000,12340000000,34424000000,0,-90000000,111000000,201000000,0,-2788000000,0,7231000000,16497000000,1783000000,0,14714000000,0,16698000000,23929000000,14714000000
JNJ,annual,2019-12-31,USD,54503000000,82059000000,27556000000,27556000000,20970000000,22178000000,11355000000,33533000000,0,39000000,357000000,318000000,0,-2168000000,0,7009000000,17328000000,2209000000,0,15119000000,0,17646000000,24655000000,15119000000
JNJ,annual,2018-12-31,USD,54490000000,81581000000,27091000000,27091000000,21175000000,22540000000,10775000000,33315000000,0,-394000000,611000000,1005000000,0,-794000000,0,6929000000,17999000000,2702000000,0,15297000000,0,19004000000,25933000000,15297000000
JNJ,annual,2017-12-31,USD,51011000000,76450000000,25439000000,25439000000,18897000000,21520000000,10594000000,32114000000,0,-549000000,385000000,934000000,0,202000000,0,5642000000,17673000000,16373000000,0,1300000000,0,18607000000,24249000000,1300000000
JNJ,annual,2016-12-31,USD,50101000000,71890000000,21789000000,21789000000,20891000000,20067000000,9143000000,29210000000,0,-358000000,368000000,726000000,0,-116000000,0,3754000000,19803000000,3263000000,0,16540000000,0,20529000000,24283000000,16540000000
JNJ,annual,2015-12-31,USD,48538000000,70074000000,21536000000,21536000000,18289000000,21203000000,9046000000,30249000000,0,0,0,552000000,0,2192000000,0,3746000000,19196000000,3787000000,0,15409000000,0,19748000000,23494000000,15409000000
JNJ,annual,2014-12-31,USD,51585000000,74331000000,22746000000,22746000000,21137000000,21954000000,8494000000,30448000000,0,0,0,533000000,0,137000000,0,3895000000,20563000000,4240000000,0,16323000000,0,21096000000,24991000000,16323000000
JNJ,annual,2013-12-31,USD,48970000000,71312000000,22342000000,22342000000,18957000000,21830000000,8183000000,30013000000,0,0,0,482000000,0,-2424000000,0,4104000000,15471000000,1640000000,0,13831000000,0,15953000000,20057000000,13831000000
JNJ,annual,2012-12-31,USD,45566000000,67224000000,21658000000,21658000000,17032000000,20869000000,7665000000,28534000000,0,0,0,532000000,0,-1562000000,0,3666000000,13775000000,3261000000,0,10514000000,0,14307000000,17973000000,10853000000
JNJ,annual,2011-12-31,USD,44670000000,65030000000,20360000000,20360000000,16153000000,20969000000,7548000000,28517000000,0,0,0,571000000,0,-2652000000,0,3158000000,12361000000,2689000000,0,9672000000,0,12932000000,16090000000,9672000000
JNJ,annual,2010-12-31,USD,42795000000,61587000000,18792000000,18792000000,16527000000,19424000000,6844000000,26268000000,0,0,0,455000000,0,875000000,0,2939000000,16947000000,3613000000,0,13334000000,0,17402000000,20341000000,13334000000
JNJ,annual,2009-12-31,USD,43450000000,61897000000,18447000000,18447000000,16663000000,19801000000,6986000000,26787000000,0,0,0,451000000,0,616000000,0,2774000000,15755000000,3489000000,0,12266000000,0,16206000000,18980000000,12266000000
JNJ,annual,2008-12-31,USD,45236000000,63747000000,18511000000,18511000000,16169000000,29067000000,7577000000,29067000000,0,0,0,435000000,0,0,0,2832000000,16929000000,3980000000,0,0,0,17364000000,20196000000,12949000000
JNJ,annual,2007-12-31,USD,43344000000,61095000000,17751000000,17751000000,15213000000,28131000000,7680000000,28131000000,0,0,0,296000000,0,0,0,2777000000,13283000000,2707000000,0,0,0,13579000000,16356000000,10576000000
JNJ,annual,2006-12-31,USD,38267000000,53324000000,15057000000,15057000000,13709000000,17433000000,7125000000,24558000000,0,0,0,0,0,0,0,2177000000,14587000000,3534000000,0,0,0,13709000000,15886000000,11053000000
JNJ,annual,2005-12-31,USD,36504000000,50514000000,14010000000,14010000000,12831000000,16877000000,6462000000,23673000000,0,0,0,0,0,0,0,2093000000,13116000000,3056000000,0,0,0,12831000000,14924000000,10060000000
JNJ,quarterly,2024-12-31,USD,15392000000,22520000000,7128000000,7128000000,3841000000,6253000000,5298000000,11551000000,0,144000000,281000000,137000000,0,0,0,1896000000,3887000000,456000000,0,3431000000,0,4024000000,5920000000,3431000000
JNJ,quarterly,2024-09-30,USD,15508000000,22471000000,6963000000,6963000000,5278000000,5278000000,4952000000,10230000000,0,99000000,292000000,193000000,0,0,0,1846000000,3338000000,644000000,0,2694000000,0,3531000000,5377000000,2694000000
JNJ,quarterly,2024-06-30,USD,15578000000,22447000000,6869000000,6869000000,6657000000,5481000000,3440000000,8921000000,0,125000000,395000000,270000000,0,0,0,1782000000,5748000000,1062000000,0,4686000000,0,6018000000,7800000000,4686000000
JNJ,quarterly,2024-03-31,USD,14872000000,21383000000,6511000000,6511000000,6273000000,5057000000,3542000000,8599000000,0,209000000,364000000,155000000,0,0,0,1815000000,3714000000,459000000,0,3255000000,0,3869000000,5684000000,3255000000
JNJ,quarterly,2023-12-31,USD,14597000000,21395000000,6798000000,6798000000,4607000000,5510000000,4480000000,9990000000,0,212000000,363000000,151000000,0,0,0,1843000000,4826000000,694000000,0,4132000000,0,4977000000,6820000000,4049000000
JNJ,quarterly,2023-09-30,USD,14745000000,21351000000,6606000000,6606000000,6198000000,5100000000,3447000000,8547000000,0,182000000,374000000,192000000,0,0,0,1829000000,5217000000,908000000,0,4309000000,0,5409000000,7238000000,26028000000
JNJ,quarterly,2023-06-30,USD,15057000000,21519000000,6462000000,6462000000,6358000000,4996000000,3703000000,8699000000,0,23000000,369000000,217000000,0,0,0,1934000000,6306000000,930000000,0,5144000000,0,6523000000,8457000000,5144000000
JNJ,quarterly,2023-03-31,USD,14207000000,20894000000,6687000000,6687000000,6246000000,4506000000,3455000000,7961000000,0,20000000,235000000,212000000,0,-6993000000,0,1880000000,-1287000000,-796000000,0,-68000000,0,-1075000000,805000000,-68000000
JNJ,quarterly,2022-12-31,USD,15941000000,23706000000,7765000000,7765000000,3905000000,7412000000,4624000000,12036000000,0,77000000,254000000,177000000,0,-953000000,0,1772000000,4201000000,681000000,0,3520000000,0,4378000000,6150000000,3520000000
JNJ,quarterly,2022-09-30,USD,15984000000,23791000000,7807000000,7807000000,5822000000,6089000000,3597000000,9686000000,0,99000000,150000000,99000000,0,-343000000,0,1685000000,5822000000,1364000000,0,4458000000,0,6298000000,7983000000,4458000000
JNJ,quarterly,2022-06-30,USD,16101000000,24020000000,7919000000,7919000000,6472000000,5926000000,3703000000,9629000000,0,26000000,64000000,38000000,0,-209000000,0,1744000000,5840000000,1026000000,0,4814000000,0,5878000000,7622000000,4814000000
JNJ,quarterly,2022-03-31,USD,15828000000,23426000000,7598000000,7598000000,6118000000,5638000000,4072000000,9710000000,0,12000000,22000000,10000000,0,124000000,0,1769000000,5862000000,713000000,0,5149000000,0,5872000000,7641000000,5149000000
JNJ,quarterly,2021-12-31,USD,16849000000,24804000000,7955000000,7955000000,4475000000,7654000000,4720000000,12374000000,0,-47000000,13000000,60000000,0,4000000,0,1843000000,4836000000,100000000,0,4736000000,0,4896000000,6739000000,4736000000
JNJ,quarterly,2021-09-30,USD,16088000000,23338000000,7250000000,7250000000,6866000000,5800000000,3422000000,9222000000,0,-7000000,13000000,20000000,0,-1837000000,0,1814000000,3849000000,182000000,0,3667000000,0,3869000000,5683000000,3667000000
JNJ,quarterly,2021-06-30,USD,15725000000,23312000000,7587000000,7587000000,6358000000,5973000000,3394000000,9367000000,0,-28000000,12000000,40000000,0,500000000,0,1839000000,6662000000,384000000,0,6278000000,0,6702000000,8541000000,6278000000
JNJ,quarterly,2021-03-31,USD,15258000000,22321000000,7063000000,7063000000,6848000000,5232000000,3178000000,8410000000,0,-48000000,15000000,63000000,0,897000000,0,1894000000,7429000000,1232000000,0,6197000000,0,7492000000,9386000000,6197000000
JNJ,quarterly,2020-12-31,USD,14661000000,22475000000,7814000000,7814000000,4172000000,6457000000,4032000000,10489000000,0,-74000000,13000000,87000000,0,-2341000000,0,1940000000,1647000000,-91000000,0,1738000000,0,1734000000,3674000000,1738000000
JNJ,quarterly,2020-09-30,USD,14110000000,21082000000,6972000000,6972000000,5939000000,5331000000,2840000000,8171000000,0,-32000000,12000000,44000000,0,-1188000000,0,1818000000,4401000000,847000000,0,3554000000,0,4445000000,6263000000,3554000000
JNJ,quarterly,2020-06-30,USD,11757000000,18336000000,6579000000,6579000000,4157000000,4893000000,2707000000,7600000000,0,-26000000,19000000,45000000,0,-5000000,0,1726000000,3940000000,314000000,0,3626000000,0,3985000000,5711000000,3626000000
JNJ,quarterly,2020-03-31,USD,13629000000,20691000000,7062000000,7062000000,5846000000,5203000000,2580000000,7783000000,0,42000000,67000000,25000000,0,746000000,0,1747000000,6509000000,713000000,0,5796000000,0,6534000000,8281000000,5796000000
JNJ,quarterly,2019-12-31,USD,13613000000,20747000000,7134000000,7134000000,4342000000,6039000000,3232000000,9271000000,0,-4000000,81000000,85000000,0,65000000,0,1816000000,4218000000,208000000,0,4010000000,0,4303000000,6119000000,4010000000
JNJ,quarterly,2019-09-30,USD,13862000000,20729000000,6867000000,6867000000,5889000000,5374000000,2599000000,7973000000,0,41000000,89000000,48000000,0,-4125000000,0,1727000000,1647000000,-106000000,0,1753000000,0,1695000000,3422000000,1753000000
JNJ,quarterly,2019-06-30,USD,13622000000,20562000000,6940000000,6940000000,5410000000,5546000000,2666000000,8212000000,0,5000000,88000000,83000000,0,1771000000,0,1705000000,7041000000,1434000000,0,5607000000,0,7124000000,8829000000,5607000000
JNJ,quarterly,2019-03-31,USD,13406000000,20021000000,6615000000,6615000000,5329000000,5219000000,2858000000,8077000000,0,-3000000,99000000,102000000,0,121000000,0,1761000000,4422000000,673000000,0,3749000000,0,4524000000,6285000000,3749000000
JNJ,quarterly,2018-12-31,USD,13433000000,20394000000,6961000000,6961000000,4218000000,5991000000,3224000000,9215000000,0,0,0,250000000,0,-782000000,0,1735000000,3122000000,80000000,0,3042000000,0,3372000000,5107000000,3042000000
JNJ,quarterly,2018-09-30,USD,13759000000,20348000000,6589000000,6589000000,5708000000,5543000000,2508000000,8051000000,0,0,0,243000000,0,172000000,0,1731000000,4423000000,489000000,0,3934000000,0,4666000000,6397000000,3934000000
JNJ,quarterly,2018-06-30,USD,13903000000,20830000000,6927000000,6927000000,5521000000,5743000000,2639000000,8382000000,0,0,0,253000000,0,-238000000,0,1717000000,4973000000,1019000000,0,3954000000,0,5226000000,6943000000,3954000000
JNJ,quarterly,2018-03-31,USD,13395000000,20009000000,6614000000,6614000000,5728000000,5263000000,2404000000,7667000000,0,0,0,259000000,0,54000000,0,1746000000,5481000000,1114000000,0,4367000000,0,5740000000,7486000000,4367000000
JNJ,quarterly,2017-12-31,USD,12952000000,20195000000,7243000000,7243000000,3292000000,6025000000,3635000000,9660000000,0,0,0,274000000,0,94000000,0,1869000000,2560000000,13273000000,0,-10713000000,0,2834000000,4703000000,-10713000000
JNJ,quarterly,2017-09-30,USD,12725000000,19650000000,6925000000,6925000000,4717000000,5423000000,2585000000,8008000000,0,0,0,229000000,0,310000000,0,1711000000,4790000000,1026000000,0,3764000000,0,5019000000,6730000000,3764000000
JNJ,quarterly,2017-06-30,USD,12993000000,18839000000,5846000000,5846000000,5408000000,5289000000,2296000000,7585000000,0,0,0,227000000,0,-483000000,0,1150000000,4748000000,921000000,0,3827000000,0,4975000000,6125000000,3827000000
JNJ,quarterly,2017-03-31,USD,12357000000,17766000000,5409000000,5409000000,5524000000,4763000000,2070000000,6833000000,0,0,0,204000000,0,281000000,0,912000000,5575000000,1153000000,0,4422000000,0,5779000000,6691000000,4422000000
JNJ,quarterly,2016-12-31,USD,12572000000,18106000000,5534000000,5534000000,4623000000,5309000000,2640000000,7949000000,0,0,0,184000000,0,80000000,0,1055000000,4324000000,510000000,0,3979000000,0,4508000000,5563000000,3814000000
JNJ,quarterly,2016-09-30,USD,12334000000,17820000000,5486000000,5486000000,5384000000,4772000000,2178000000,6950000000,0,0,0,192000000,0,151000000,0,908000000,5281000000,1009000000,0,4272000000,0,5473000000,6381000000,4272000000
JNJ,quarterly,2016-06-30,USD,13146000000,18482000000,5336000000,5336000000,5706000000,5176000000,2264000000,7440000000,0,0,0,190000000,0,-469000000,0,900000000,4904000000,907000000,0,3997000000,0,5094000000,5994000000,3997000000
JNJ,quarterly,2016-03-31,USD,12153000000,17482000000,5329000000,5329000000,5452000000,4688000000,2013000000,6701000000,0,0,0,160000000,0,122000000,0,891000000,5294000000,837000000,0,4292000000,0,5454000000,6345000000,4457000000
JNJ,quarterly,2015-12-31,USD,12138000000,17811000000,5673000000,5673000000,3383000000,5891000000,2864000000,8755000000,0,0,0,160000000,0,1258000000,0,1033000000,3758000000,543000000,0,3215000000,0,3918000000,4951000000,3215000000
JNJ,quarterly,2015-09-30,USD,11878000000,17102000000,5224000000,5224000000,4643000000,5081000000,2154000000,7235000000,0,0,0,123000000,0,-388000000,0,929000000,4122000000,764000000,0,3358000000,0,4245000000,5174000000,3358000000
JNJ,quarterly,2015-06-30,USD,12430000000,17787000000,5357000000,5357000000,4917000000,5384000000,2129000000,7513000000,0,0,0,131000000,0,955000000,0,889000000,5741000000,1225000000,0,4516000000,0,5872000000,6761000000,4516000000
JNJ,quarterly,2015-03-31,USD,12092000000,17374000000,5282000000,5282000000,5346000000,4847000000,1899000000,6746000000,0,0,0,138000000,0,367000000,0,895000000,5575000000,1255000000,0,4320000000,0,5713000000,6608000000,4320000000
JNJ,quarterly,2014-12-31,USD,12401000000,18254000000,5853000000,5853000000,3944000000,5822000000,2635000000,8457000000,0,0,0,139000000,0,-946000000,0,991000000,2703000000,182000000,0,2521000000,0,2842000000,3833000000,2521000000
JNJ,quarterly,2014-09-30,USD,13068000000,18467000000,5399000000,5399000000,5577000000,5468000000,2023000000,7491000000,0,0,0,130000000,0,1363000000,0,939000000,6810000000,2061000000,0,4749000000,0,6940000000,7879000000,4749000000
JNJ,quarterly,2014-06-30,USD,13456000000,19495000000,6039000000,6039000000,5970000000,5481000000,2005000000,7486000000,0,0,0,128000000,0,-212000000,0,952000000,5626000000,1300000000,0,4326000000,0,5754000000,6706000000,4326000000
JNJ,quarterly,2014-03-31,USD,12660000000,18115000000,5455000000,5455000000,5646000000,5183000000,1831000000,7014000000,0,0,0,136000000,0,-68000000,0,1013000000,5424000000,697000000,0,4727000000,0,5560000000,6573000000,4727000000
JNJ,quarterly,2013-12-31,USD,12400000000,18355000000,5955000000,5955000000,4072000000,5917000000,2411000000,8328000000,0,0,0,134000000,0,-850000000,0,1102000000,2750000000,-769000000,0,3519000000,0,2884000000,3986000000,3519000000
JNJ,quarterly,2013-09-30,USD,12231000000,17575000000,5344000000,5344000000,4875000000,5314000000,2042000000,7356000000,0,0,0,105000000,0,-925000000,0,976000000,3667000000,685000000,0,2982000000,0,3772000000,4748000000,2982000000
JNJ,quarterly,2013-06-30,USD,12388000000,17877000000,5489000000,5489000000,5066000000,5376000000,1946000000,7322000000,0,0,0,118000000,0,-155000000,0,990000000,4793000000,960000000,0,3833000000,0,4911000000,5901000000,3833000000
JNJ,quarterly,2013-03-31,USD,11951000000,17505000000,5554000000,5554000000,4944000000,5223000000,1784000000,7007000000,0,0,0,125000000,0,-494000000,0,1036000000,4261000000,764000000,0,3497000000,0,4386000000,5422000000,3497000000
JNJ,quarterly,2012-12-31,USD,11555000000,17558000000,6003000000,6003000000,3563000000,3361000000,2331000000,7992000000,0,0,0,107000000,0,-301000000,0,1036000000,3100000000,533000000,0,2567000000,0,3207000000,4243000000,2567000000
JNJ,quarterly,2012-09-30,USD,11455000000,17052000000,5597000000,5597000000,4304000000,5228000000,1923000000,7151000000,0,0,0,135000000,0,105000000,0,1005000000,3595000000,966000000,0,2629000000,0,3730000000,4735000000,2968000000
JNJ,quarterly,2012-06-30,USD,11332000000,16475000000,5143000000,5143000000,4601000000,4965000000,1766000000,6731000000,0,0,0,143000000,0,-1994000000,0,852000000,2035000000,627000000,0,1408000000,0,2178000000,3030000000,1408000000
JNJ,quarterly,2012-03-31,USD,11224000000,16139000000,4915000000,4915000000,4564000000,5015000000,1645000000,6660000000,0,0,0,147000000,0,628000000,0,773000000,5045000000,1135000000,0,3910000000,0,5192000000,5965000000,3910000000
JNJ,quarterly,2011-12-31,USD,10917000000,16255000000,5338000000,5338000000,3304000000,5458000000,2155000000,7613000000,0,0,0,183000000,0,-2823000000,0,843000000,318000000,100000000,0,218000000,0,501000000,1344000000,218000000
JNJ,quarterly,2011-09-30,USD,10933000000,16005000000,5072000000,5072000000,3920000000,5240000000,1773000000,7013000000,0,0,0,134000000,0,325000000,0,783000000,4111000000,909000000,0,3202000000,0,4245000000,5028000000,3202000000
JNJ,quarterly,2011-06-30,USD,11425000000,16597000000,5172000000,5172000000,4328000000,5215000000,1882000000,7097000000,0,0,0,129000000,0,-188000000,0,777000000,3422000000,646000000,0,2776000000,0,3551000000,4328000000,2776000000
JNJ,quarterly,2011-03-31,USD,11395000000,16173000000,4778000000,4778000000,4601000000,5056000000,1738000000,6794000000,0,0,0,125000000,0,34000000,0,755000000,4510000000,1034000000,0,3476000000,0,4635000000,5390000000,3476000000
JNJ,quarterly,2010-12-31,USD,10604000000,15644000000,5040000000,5040000000,3442000000,5180000000,1982000000,7162000000,0,0,0,138000000,0,-1026000000,0,769000000,2228000000,286000000,0,1942000000,0,2366000000,3135000000,1942000000
JNJ,quarterly,2010-09-30,USD,10388000000,14982000000,4594000000,4594000000,4022000000,4709000000,1657000000,6366000000,0,0,0,108000000,0,305000000,0,725000000,4219000000,802000000,0,3417000000,0,4327000000,5052000000,3417000000
JNJ,quarterly,2010-06-30,USD,10700000000,15330000000,4630000000,4630000000,4296000000,4756000000,1648000000,6404000000,0,0,0,101000000,0,-25000000,0,711000000,4220000000,771000000,0,3449000000,0,4321000000,5032000000,3449000000
JNJ,quarterly,2010-03-31,USD,11103000000,15631000000,4528000000,4528000000,4767000000,4779000000,1557000000,6336000000,0,0,0,108000000,0,1621000000,0,734000000,6280000000,1754000000,0,4526000000,0,6388000000,7122000000,4526000000
JNJ,quarterly,2009-12-31,USD,11239000000,16551000000,5312000000,5312000000,3397000000,19801000000,2213000000,7842000000,0,0,0,93000000,0,0,0,744000000,2604000000,398000000,0,0,0,2697000000,3441000000,2206000000
JNJ,quarterly,2009-09-30,USD,10647000000,15081000000,4434000000,4434000000,4263000000,4767000000,1617000000,6384000000,0,0,0,142000000,0,124000000,0,675000000,4245000000,900000000,0,3345000000,0,4387000000,5062000000,3345000000
JNJ,quarterly,2009-06-30,USD,10789000000,15239000000,4450000000,4450000000,4354000000,4797000000,1638000000,6435000000,0,0,0,110000000,0,19000000,0,679000000,4263000000,1055000000,0,3208000000,0,4373000000,5052000000,3208000000
JNJ,quarterly,2009-03-31,USD,10775000000,15026000000,4251000000,4251000000,4649000000,6126000000,1518000000,6126000000,0,0,0,106000000,0,0,0,676000000,4643000000,1136000000,0,0,0,4749000000,5425000000,3507000000
JNJ,quarterly,2008-12-31,USD,10810000000,15182000000,4372000000,4372000000,3037000000,21490000000,2108000000,7773000000,0,0,0,110000000,0,0,0,715000000,3517000000,803000000,0,0,0,4232000000,4947000000,2714000000
JNJ,quarterly,2008-09-30,USD,11147000000,15921000000,4774000000,4774000000,4091000000,7056000000,1861000000,7056000000,0,0,0,122000000,0,0,0,768000000,4290000000,980000000,0,0,0,4412000000,5180000000,3310000000
JNJ,quarterly,2008-06-30,USD,11699000000,16450000000,4751000000,4751000000,4256000000,7403000000,1936000000,7443000000,0,0,0,105000000,0,0,0,683000000,4375000000,1048000000,0,0,0,4480000000,5163000000,3327000000
JNJ,quarterly,2008-03-31,USD,11580000000,16194000000,4614000000,4614000000,4745000000,6835000000,1712000000,6835000000,0,0,0,98000000,0,0,0,666000000,4747000000,1149000000,0,0,0,4845000000,5511000000,3598000000
JNJ,quarterly,2007-12-31,USD,11223000000,15957000000,4734000000,4734000000,3174000000,9831000000,2328000000,8049000000,0,0,0,233000000,0,0,0,875000000,2332000000,-42000000,0,0,0,3174000000,4049000000,2374000000
JNJ,quarterly,2007-09-30,USD,10696000000,14970000000,4274000000,4274000000,3963000000,4899000000,1834000000,6733000000,0,0,0,82000000,0,0,0,597000000,3268000000,720000000,0,0,0,3963000000,4560000000,2548000000
JNJ,quarterly,2007-06-30,USD,10773000000,15131000000,4358000000,4358000000,3878000000,5029000000,1866000000,6895000000,0,0,0,59000000,0,0,0,683000000,4031000000,950000000,0,0,0,3878000000,4561000000,3081000000
JNJ,quarterly,2007-03-31,USD,10652000000,15037000000,4385000000,4385000000,4198000000,4802000000,1652000000,6454000000,0,0,0,62000000,0,0,0,622000000,3652000000,1079000000,0,0,0,4198000000,4820000000,2573000000
JNJ,quarterly,2006-12-31,USD,9675000000,13682000000,4007000000,4007000000,2933000000,12737000000,2046000000,6742000000,0,0,0,21000000,0,0,0,571000000,2708000000,540000000,0,0,0,2933000000,3504000000,2168000000
JNJ,quarterly,2006-09-30,USD,9637000000,13287000000,3650000000,3650000000,3627000000,4291000000,1719000000,6010000000,0,0,0,13000000,0,0,0,539000000,3661000000,901000000,0,0,0,3627000000,4166000000,2760000000
JNJ,quarterly,2006-06-30,USD,9575000000,13363000000,3788000000,3788000000,3396000000,4351000000,1828000000,6179000000,0,0,0,13000000,0,0,0,546000000,3603000000,783000000,0,0,0,3396000000,3942000000,2820000000
JNJ,quarterly,2006-03-31,USD,9380000000,12992000000,3612000000,3612000000,3753000000,4095000000,1532000000,5627000000,0,0,0,16000000,0,0,0,521000000,4615000000,1310000000,0,0,0,3753000000,4274000000,3305000000
JNJ,quarterly,2005-12-31,USD,8986000000,12610000000,3624000000,3624000000,2448000000,12566000000,1976000000,6538000000,0,0,0,2000000,0,0,0,507000000,2638000000,455000000,0,0,0,2448000000,2955000000,2183000000
JNJ,quarterly,2005-09-30,USD,8956000000,12310000000,3354000000,3354000000,3256000000,4161000000,1539000000,5700000000,0,0,0,22000000,0,0,0,523000000,3420000000,882000000,0,0,0,3256000000,3779000000,2538000000
JNJ,quarterly,2005-06-30,USD,9240000000,12762000000,3522000000,3522000000,3437000000,4278000000,1525000000,5803000000,0,0,0,15000000,0,0,0,548000000,3266000000,678000000,0,0,0,3437000000,3985000000,2588000000
JNJ,quarterly,2005-03-31,USD,9336000000,12832000000,3496000000,3496000000,3825000000,4127000000,1384000000,5511000000,0,0,0,15000000,0,0,0,515000000,3927000000,1088000000,0,0,0,3825000000,4340000000,2839000000
JNJ,quarterly,2004-12-31,USD,9046000000,12752000000,3706000000,3706000000,2664000000,4655000000,1727000000,6382000000,0,0,0,60000000,0,0,0,618000000,2625000000,1408000000,0,0,0,2664000000,3282000000,1217000000
PFE,annual,2024-12-31,USD,47207000000,63627000000,16420000000,16420000000,14938000000,14730000000,10822000000,25552000000,0,-2546000000,545000000,3091000000,0,0,0,7013000000,8023000000,-28000000,0,8051000000,0,11114000000,18127000000,8031000000
PFE,annual,2023-12-31,USD,28809000000,58496000000,29687000000,29687000000,3359000000,11071000000,10679000000,25450000000,0,-585000000,1624000000,2209000000,0,0,0,6290000000,1058000000,-1114000000,0,2172000000,0,3267000000,9557000000,2119000000
PFE,annual,2022-12-31,USD,65986000000,100330000000,34344000000,34344000000,40030000000,10877000000,11428000000,28714000000,0,-987000000,1824000000,1238000000,0,-217000000,0,5064000000,34729000000,3328000000,0,31401000000,0,35967000000,41031000000,31372000000
PFE,annual,2021-12-31,USD,50467000000,81288000000,30821000000,30821000000,24833000000,10703000000,13829000000,30232000000,0,-1255000000,560000000,1291000000,0,4878000000,0,5191000000,24311000000,1852000000,0,22459000000,0,25602000000,30793000000,21979000000
PFE,annual,2020-12-31,USD,33216000000,41908000000,8692000000,8692000000,10630000000,9815000000,9405000000,24456000000,0,-1376000000,538000000,1449000000,0,-663000000,0,4681000000,7497000000,477000000,0,7021000000,0,8487000000,13168000000,7020000000
PFE,annual,2019-12-31,USD,41531000000,51750000000,10219000000,10219000000,15137000000,12050000000,8650000000,27610000000,0,-1348000000,226000000,1574000000,0,4508000000,0,5795000000,17682000000,1384000000,0,16298000000,0,13058000000,18853000000,16273000000
PFE,annual,2018-12-31,USD,42399000000,53647000000,11248000000,11248000000,15045000000,11755000000,8006000000,27354000000,0,-983000000,333000000,1316000000,0,-2116000000,0,6384000000,11885000000,706000000,0,11179000000,0,13201000000,19585000000,11153000000
PFE,annual,2017-12-31,USD,41306000000,52546000000,11240000000,11240000000,14107000000,11684000000,7657000000,27199000000,0,-879000000,391000000,1270000000,0,-1315000000,0,6269000000,12305000000,-9049000000,0,21353000000,0,13575000000,19844000000,21308000000
PFE,annual,2016-12-31,USD,40495000000,52824000000,12329000000,12329000000,13730000000,11637000000,7872000000,26765000000,0,-716000000,470000000,1186000000,0,-3655000000,0,5757000000,8351000000,1123000000,0,7229000000,0,9537000000,15294000000,7215000000
PFE,annual,2015-12-31,USD,39203000000,48851000000,9648000000,9648000000,12976000000,11709000000,7690000000,26227000000,0,0,1597000000,1199000000,0,-2860000000,0,3728000000,8965000000,1990000000,0,6975000000,0,11593000000,15321000000,6960000000
PFE,annual,2014-12-31,USD,40028000000,49605000000,9577000000,9577000000,13499000000,10997000000,8393000000,26529000000,0,0,0,1360000000,0,-1009000000,0,4039000000,12240000000,3120000000,0,9119000000,0,15098000000,19137000000,9135000000
PFE,annual,2013-12-31,USD,41998000000,51584000000,9586000000,9586000000,16366000000,11355000000,6678000000,25632000000,0,0,0,1414000000,0,0,0,4599000000,15716000000,4306000000,0,11410000000,0,18941000000,23540000000,22003000000
PFE,annual,2012-12-31,USD,47652000000,58986000000,11334000000,11334000000,17991000000,13816000000,7870000000,29661000000,0,0,0,1524000000,0,0,0,5175000000,12080000000,2562000000,0,9518000000,0,15244000000,20419000000,14570000000
PFE,annual,2011-12-31,USD,52340000000,67425000000,15085000000,15085000000,18175000000,19468000000,9112000000,34165000000,0,0,0,1681000000,0,0,0,5585000000,12762000000,4023000000,0,8739000000,0,16603000000,22188000000,10009000000
PFE,annual,2010-12-31,USD,51530000000,67809000000,16279000000,16279000000,14158000000,19614000000,9413000000,37372000000,0,0,0,1799000000,0,0,0,8487000000,9422000000,1124000000,0,8298000000,0,11079000000,19566000000,8257000000
PFE,annual,2009-12-31,USD,41121000000,50009000000,8888000000,8888000000,15651000000,14875000000,7845000000,25889000000,0,0,0,1233000000,0,0,0,2877000000,10827000000,1645000000,0,8630000000,0,13940000000,16817000000,8635000000
PFE,annual,2008-12-31,USD,40184000000,48296000000,8112000000,8112000000,15034000000,14537000000,7945000000,25150000000,0,0,0,516000000,0,0,0,5090000000,9694000000,1645000000,0,0,0,10210000000,15300000000,8104000000
PFE,annual,2007-12-31,USD,37179000000,48418000000,11239000000,11239000000,10336000000,15626000000,8089000000,26843000000,0,0,0,0,0,0,0,5200000000,9278000000,1023000000,0,0,0,10336000000,15536000000,8144000000
PFE,annual,2006-12-31,USD,40731000000,48371000000,7640000000,7640000000,14282000000,15589000000,7599000000,26449000000,0,0,0,0,0,0,0,5293000000,13028000000,1992000000,0,0,0,14282000000,19575000000,19337000000
PFE,annual,2005-12-31,USD,42773000000,51298000000,8525000000,8525000000,14925000000,16997000000,7442000000,27848000000,0,0,0,0,0,0,0,5576000000,11534000000,3424000000,0,0,0,14205000000,19781000000,8085000000
PFE,quarterly,2024-12-31,USD,11854000000,17763000000,5909000000,5909000000,3187000000,1437000000,3035000000,8668000000,0,-568000000,171000000,739000000,0,0,0,1791000000,-10000000,-421000000,0,411000000,0,729000000,2520000000,410000000
PFE,quarterly,2024-09-30,USD,11127000000,17702000000,6575000000,6575000000,5284000000,3244000000,2598000000,5842000000,0,-667000000,116000000,783000000,0,0,0,1755000000,4715000000,234000000,0,4481000000,0,5498000000,7253000000,4465000000
PFE,quarterly,2024-06-30,USD,8243000000,13283000000,5040000000,5040000000,1879000000,3717000000,2676000000,6364000000,0,-648000000,130000000,778000000,0,0,0,1731000000,-103000000,-134000000,0,31000000,0,674000000,2405000000,24000000
PFE,quarterly,2024-03-31,USD,10498000000,14879000000,4381000000,4381000000,4559000000,3495000000,2480000000,5939000000,0,-661000000,129000000,790000000,0,0,0,1736000000,3421000000,293000000,0,3128000000,0,4212000000,5948000000,3115000000
PFE,quarterly,2023-12-31,USD,5657000000,14249000000,8592000000,8592000000,-1593000000,777000000,2773000000,7250000000,0,-79000000,609000000,688000000,0,0,0,1670000000,-4129000000,-794000000,0,-3335000000,0,-3441000000,-1771000000,-3344000000
PFE,quarterly,2023-09-30,USD,2629000000,13232000000,10603000000,10603000000,-3265000000,3358000000,2682000000,5894000000,0,-172000000,424000000,695000000,0,0,0,1560000000,-3352000000,-964000000,0,-2388000000,0,-2657000000,-1097000000,-2394000000
PFE,quarterly,2023-06-30,USD,9497000000,12734000000,3237000000,3237000000,2269000000,3497000000,2648000000,7229000000,0,-192000000,99000000,508000000,0,347000000,0,1184000000,2269000000,-71000000,0,2340000000,0,3026000000,4210000000,2327000000
PFE,quarterly,2023-03-31,USD,12235000000,18282000000,6047000000,6047000000,6382000000,3485000000,2494000000,5853000000,0,-141000000,524000000,318000000,0,-70000000,0,1487000000,6270000000,715000000,0,5555000000,0,6588000000,8075000000,5543000000
PFE,quarterly,2022-12-31,USD,14642000000,24290000000,9648000000,9648000000,6432000000,1844000000,3615000000,9389000000,0,-176000000,57000000,313000000,0,846000000,0,1519000000,5231000000,230000000,0,5000000000,0,5545000000,7064000000,4994000000
PFE,quarterly,2022-09-30,USD,16575000000,22638000000,6063000000,6063000000,10427000000,3542000000,2696000000,6909000000,0,-241000000,403000000,311000000,0,59000000,0,1183000000,9001000000,356000000,0,8645000000,0,9312000000,10495000000,8608000000
PFE,quarterly,2022-06-30,USD,18676000000,27742000000,9066000000,9066000000,12947000000,3048000000,2815000000,5729000000,0,-263000000,30000000,293000000,0,-772000000,0,1175000000,11447000000,1570000000,0,9877000000,0,11739000000,12914000000,9906000000
PFE,quarterly,2022-03-31,USD,15677000000,25661000000,9984000000,9984000000,10686000000,2593000000,2301000000,5729000000,0,-308000000,14000000,322000000,0,-350000000,0,1187000000,9050000000,1172000000,0,7879000000,0,9373000000,10560000000,7864000000
PFE,quarterly,2021-12-31,USD,14102000000,23838000000,9736000000,9736000000,4043000000,2104000000,5915000000,10976000000,0,-301000000,395000000,315000000,0,1180000000,0,1277000000,3827000000,249000000,0,3578000000,0,4141000000,5418000000,3393000000
PFE,quarterly,2021-09-30,USD,14121000000,24094000000,9973000000,9973000000,6473000000,2905000000,3447000000,7333000000,0,-315000000,10000000,325000000,0,1696000000,0,1360000000,7836000000,-331000000,0,8167000000,0,8161000000,9521000000,8146000000
PFE,quarterly,2021-06-30,USD,11928000000,18977000000,7049000000,7049000000,5307000000,2793000000,2459000000,6318000000,0,-303000000,637000000,316000000,0,998000000,0,1682000000,6609000000,1043000000,0,5565000000,0,6924000000,8606000000,5563000000
PFE,quarterly,2021-03-31,USD,10371000000,14582000000,4211000000,4211000000,4702000000,2783000000,2014000000,5669000000,0,-336000000,127000000,336000000,0,1004000000,0,1207000000,5683000000,805000000,0,4877000000,0,5088000000,6295000000,4877000000
PFE,quarterly,2020-12-31,USD,8765000000,11684000000,2919000000,2919000000,-2190000000,350000000,3354000000,7967000000,0,-343000000,109000000,347000000,0,-162000000,0,1046000000,178000000,-170000000,0,-2025000000,0,-2246000000,-1200000000,594000000
PFE,quarterly,2020-09-30,USD,9602000000,12131000000,2529000000,2529000000,3328000000,2980000000,2360000000,6274000000,0,-399000000,111000000,416000000,0,-1148000000,0,1208000000,2176000000,-26000000,0,2202000000,0,3262000000,4470000000,2194000000
PFE,quarterly,2020-06-30,USD,9520000000,11801000000,2281000000,2281000000,3453000000,221000000,2132000000,6067000000,0,-353000000,19000000,372000000,0,862000000,0,1199000000,3953000000,519000000,0,3434000000,0,3393000000,4592000000,3489000000
PFE,quarterly,2020-03-31,USD,9650000000,12028000000,2378000000,2378000000,4168000000,129000000,1724000000,5482000000,0,-356000000,34000000,390000000,0,-215000000,0,1166000000,3885000000,475000000,0,3410000000,0,3232000000,4398000000,3355000000
PFE,quarterly,2019-12-31,USD,10080000000,12688000000,2608000000,2608000000,1985000000,6848000000,2822000000,8094000000,0,-375000000,41000000,415000000,0,-3042000000,0,1384000000,-1508000000,-1181000000,0,-327000000,0,-1093000000,291000000,-337000000
PFE,quarterly,2019-09-30,USD,10078000000,12680000000,2602000000,2602000000,3323000000,6848000000,2283000000,6755000000,0,-349000000,60000000,409000000,0,7768000000,0,1553000000,10727000000,3047000000,0,7680000000,0,11136000000,12689000000,7680000000
PFE,quarterly,2019-06-30,USD,10688000000,13264000000,2576000000,2576000000,4151000000,3511000000,1842000000,6537000000,0,-330000000,59000000,389000000,0,-126000000,0,1528000000,4141000000,-915000000,0,5056000000,0,4530000000,6058000000,5046000000
PFE,quarterly,2019-03-31,USD,10685000000,13118000000,2433000000,2433000000,4165000000,3339000000,1703000000,6225000000,0,-295000000,304000000,361000000,0,-92000000,0,1545000000,4323000000,433000000,0,3889000000,0,4684000000,6229000000,3883000000
PFE,quarterly,2018-12-31,USD,10901000000,13976000000,3075000000,3075000000,3185000000,907000000,2457000000,7717000000,0,0,0,370000000,0,-3259000000,0,1253000000,-946000000,-563000000,0,-382000000,0,-188000000,1065000000,-394000000
PFE,quarterly,2018-09-30,USD,10604000000,13298000000,2694000000,2694000000,3849000000,3494000000,2008000000,6755000000,0,0,0,310000000,0,414000000,0,1253000000,4177000000,66000000,0,4111000000,0,4848000000,6101000000,4114000000
PFE,quarterly,2018-06-30,USD,10550000000,13466000000,2916000000,2916000000,4020000000,3542000000,1797000000,6530000000,0,0,0,326000000,0,551000000,0,1191000000,4527000000,648000000,0,3879000000,0,5224000000,6415000000,3871000000
PFE,quarterly,2018-03-31,USD,10343000000,12906000000,2563000000,2563000000,3992000000,3412000000,1743000000,6351000000,0,0,0,310000000,0,178000000,0,1196000000,4127000000,556000000,0,3571000000,0,4808000000,6004000000,3560000000
PFE,quarterly,2017-12-31,USD,10444000000,13703000000,3259000000,3259000000,2394000000,1451000000,2311000000,8049000000,0,0,0,329000000,0,-1331000000,0,1187000000,953000000,-11335000000,0,12288000000,0,1671000000,2858000000,12273000000
PFE,quarterly,2017-09-30,USD,10321000000,13168000000,2847000000,2847000000,3383000000,3500000000,1859000000,6536000000,0,0,0,320000000,0,-51000000,0,1177000000,3585000000,727000000,0,2858000000,0,4293000000,5470000000,2839000000
PFE,quarterly,2017-06-30,USD,10233000000,12896000000,2663000000,2663000000,3790000000,3425000000,1780000000,6413000000,0,0,0,312000000,0,66000000,0,1208000000,3815000000,739000000,0,3077000000,0,4493000000,5701000000,3073000000
PFE,quarterly,2017-03-31,USD,10309000000,12779000000,2470000000,2470000000,4107000000,3308000000,1708000000,6202000000,0,0,0,309000000,0,1000000,0,1186000000,3951000000,821000000,0,3130000000,0,4630000000,5816000000,3121000000
PFE,quarterly,2016-12-31,USD,10409000000,13627000000,3218000000,3218000000,2353000000,4423000000,2512000000,8056000000,0,0,0,297000000,0,-840000000,0,1121000000,777000000,13000000,0,848000000,0,1502000000,2623000000,858000000
PFE,quarterly,2016-09-30,USD,9960000000,13045000000,3085000000,3085000000,3552000000,1000000,1881000000,6408000000,0,0,0,291000000,0,-1417000000,0,968000000,1604000000,284000000,0,1320000000,0,2323000000,3291000000,1355000000
PFE,quarterly,2016-06-30,USD,9973000000,13147000000,3174000000,3174000000,3793000000,3471000000,1748000000,6180000000,0,0,0,292000000,0,-1068000000,0,961000000,2410000000,375000000,0,2035000000,0,3128000000,4089000000,2047000000
PFE,quarterly,2016-03-31,USD,10154000000,13005000000,2851000000,2851000000,4032000000,3385000000,1731000000,6122000000,0,0,0,306000000,0,-330000000,0,1006000000,3561000000,535000000,0,3026000000,0,4286000000,5292000000,3038000000
PFE,quarterly,2015-12-31,USD,10637000000,14047000000,3410000000,3410000000,2261000000,5048000000,2348000000,8376000000,0,0,0,335000000,0,-2190000000,0,980000000,-354000000,-188000000,0,-166000000,0,2305000000,3285000000,-172000000
PFE,quarterly,2015-09-30,USD,9868000000,12087000000,2219000000,2219000000,3939000000,3270000000,1722000000,5929000000,0,0,0,278000000,0,-661000000,0,937000000,2697000000,567000000,0,2130000000,0,4214000000,5151000000,2130000000
PFE,quarterly,2015-06-30,USD,9673000000,11853000000,2180000000,2180000000,3681000000,1000000,1734000000,5992000000,0,0,0,278000000,0,-55000000,0,872000000,3539000000,905000000,0,2635000000,0,4146000000,5018000000,2626000000
PFE,quarterly,2015-03-31,USD,9026000000,10864000000,1838000000,1838000000,2947000000,3104000000,1885000000,5929000000,0,0,0,309000000,0,46000000,0,940000000,3082000000,706000000,0,2376000000,0,3377000000,4317000000,2375000000
PFE,quarterly,2014-12-31,USD,10417000000,13118000000,2701000000,2701000000,2277000000,882000000,3209000000,8139000000,0,0,0,353000000,0,-915000000,0,948000000,1803000000,545000000,0,1257000000,0,2539000000,3487000000,1228000000
PFE,quarterly,2014-09-30,USD,9993000000,12361000000,2368000000,2368000000,3663000000,3556000000,1802000000,6330000000,0,0,0,343000000,0,-94000000,0,972000000,3587000000,911000000,0,2676000000,0,4284000000,5256000000,2666000000
PFE,quarterly,2014-06-30,USD,10311000000,12773000000,2462000000,2462000000,4031000000,3520000000,1759000000,6280000000,0,0,0,343000000,0,0,0,1001000000,4003000000,1082000000,0,2921000000,0,4392000000,5393000000,2911000000
PFE,quarterly,2014-03-31,USD,9308000000,11353000000,2045000000,2045000000,2684000000,3040000000,1623000000,5780000000,0,0,0,321000000,0,0,0,1117000000,2847000000,582000000,0,2265000000,0,3507000000,4624000000,2329000000
PFE,quarterly,2013-12-31,USD,10764000000,13558000000,2794000000,2794000000,3678000000,1152000000,1811000000,7086000000,0,0,0,347000000,0,0,0,1123000000,3061000000,430000000,0,2486000000,0,4085000000,5208000000,2567000000
PFE,quarterly,2013-09-30,USD,10356000000,12643000000,2287000000,2287000000,4217000000,3395000000,1627000000,6139000000,0,0,0,340000000,0,0,0,1117000000,3573000000,985000000,0,2588000000,0,4317000000,5434000000,2593000000
PFE,quarterly,2013-06-30,USD,10731000000,12973000000,2242000000,2242000000,4216000000,3591000000,1530000000,6261000000,0,0,0,356000000,0,0,0,1140000000,5357000000,1782000000,0,3575000000,0,4663000000,5803000000,14099000000
PFE,quarterly,2013-03-31,USD,10848000000,13500000000,2652000000,2652000000,4229000000,3585000000,1800000000,6619000000,0,0,0,391000000,0,0,0,1234000000,3921000000,1160000000,0,2761000000,0,4636000000,5870000000,2750000000
PFE,quarterly,2012-12-31,USD,11896000000,15068000000,3172000000,3172000000,3709000000,2015000000,2136000000,8187000000,0,0,0,373000000,0,0,0,1236000000,2170000000,680000000,0,1411000000,0,4500000000,5736000000,6315000000
PFE,quarterly,2012-09-30,USD,11311000000,13976000000,2665000000,2665000000,4255000000,3847000000,1981000000,7056000000,0,0,0,382000000,0,0,0,1228000000,2991000000,-119000000,0,3110000000,0,3615000000,4843000000,3207000000
PFE,quarterly,2012-06-30,USD,12305000000,15057000000,2752000000,2752000000,5338000000,3640000000,1699000000,6967000000,0,0,0,293000000,0,0,0,1291000000,4484000000,1290000000,0,3194000000,0,4938000000,6229000000,3253000000
PFE,quarterly,2012-03-31,USD,12431000000,15405000000,2974000000,2974000000,4806000000,3659000000,2072000000,7625000000,0,0,0,390000000,0,0,0,1420000000,2553000000,750000000,0,1803000000,0,3626000000,5046000000,1794000000
PFE,quarterly,2011-12-31,USD,12838000000,16746000000,3908000000,3908000000,4279000000,5371000000,2596000000,9384000000,0,0,0,396000000,0,0,0,1417000000,2293000000,800000000,0,1493000000,0,4615000000,6032000000,1439000000
PFE,quarterly,2011-09-30,USD,13514000000,17193000000,3679000000,3679000000,5083000000,215000000,2188000000,8206000000,0,0,0,423000000,0,0,0,1397000000,3669000000,1235000000,0,2434000000,0,4782000000,6179000000,3738000000
PFE,quarterly,2011-06-30,USD,13179000000,16984000000,3805000000,3805000000,4448000000,195000000,2237000000,8605000000,0,0,0,404000000,0,0,0,1395000000,3682000000,1094000000,0,2588000000,0,4739000000,6134000000,2610000000
PFE,quarterly,2011-03-31,USD,12809000000,16502000000,3693000000,3693000000,4365000000,132000000,2091000000,8797000000,0,0,0,458000000,0,0,0,1376000000,3118000000,894000000,0,2224000000,0,4304000000,5680000000,2222000000
PFE,quarterly,2010-12-31,USD,13279000000,17561000000,4282000000,4282000000,2358000000,5738000000,2806000000,10921000000,0,0,0,460000000,0,0,0,1994000000,829000000,-2074000000,0,2903000000,0,2463000000,4457000000,2890000000
PFE,quarterly,2010-09-30,USD,12275000000,16171000000,3896000000,3896000000,2267000000,61000000,2194000000,10336000000,0,0,0,428000000,0,0,0,1156000000,1440000000,564000000,0,876000000,0,2914000000,4070000000,866000000
PFE,quarterly,2010-06-30,USD,13532000000,17327000000,3795000000,3795000000,5131000000,122000000,2187000000,8672000000,0,0,0,389000000,0,0,0,1407000000,3974000000,1488000000,0,2486000000,0,5121000000,6528000000,2475000000
PFE,quarterly,2010-03-31,USD,12444000000,16750000000,4306000000,4306000000,3959000000,93000000,2226000000,8485000000,0,0,0,522000000,0,0,0,1409000000,3179000000,1146000000,0,2033000000,0,4313000000,5722000000,2026000000
PFE,quarterly,2009-12-31,USD,12602000000,16537000000,3935000000,3935000000,3427000000,5367000000,2881000000,9175000000,0,0,0,471000000,0,0,0,1774000000,4000000,-755000000,0,0,0,-164000000,1610000000,767000000
PFE,quarterly,2009-09-30,USD,9832000000,11621000000,1789000000,1789000000,4324000000,51000000,1632000000,5668000000,0,0,0,369000000,0,0,0,594000000,3971000000,1092000000,0,2879000000,0,4357000000,4951000000,2878000000
PFE,quarterly,2009-06-30,USD,9228000000,10984000000,1756000000,1756000000,3580000000,117000000,1715000000,5720000000,0,0,0,66000000,0,0,0,583000000,3049000000,786000000,0,2263000000,0,4003000000,4586000000,2261000000
PFE,quarterly,2009-03-31,USD,9459000000,10867000000,1408000000,1408000000,4300000000,4502000000,1705000000,5102000000,0,0,0,115000000,0,0,0,578000000,3803000000,1074000000,0,0,0,4787000000,5365000000,2729000000
PFE,quarterly,2008-12-31,USD,10631000000,12346000000,1715000000,1715000000,4064000000,3659000000,2303000000,6567000000,0,0,0,95000000,0,0,0,1178000000,625000000,394000000,0,0,0,4064000000,5242000000,266000000
PFE,quarterly,2008-09-30,USD,9851000000,11973000000,2122000000,2122000000,2521000000,64000000,1885000000,6029000000,0,0,0,186000000,0,0,0,1196000000,2722000000,463000000,0,0,0,3822000000,5018000000,2278000000
PFE,quarterly,2008-06-30,USD,9840000000,12129000000,2289000000,2289000000,2709000000,131000000,1966000000,6492000000,0,0,0,99000000,0,0,0,1229000000,2790000000,25000000,0,0,0,3192000000,4421000000,2776000000
PFE,quarterly,2008-03-31,USD,9862000000,11848000000,1986000000,1986000000,3331000000,75000000,1791000000,6062000000,0,0,0,203000000,0,0,0,1487000000,3557000000,763000000,0,0,0,3800000000,5287000000,2784000000
PFE,quarterly,2007-12-31,USD,10245000000,12870000000,2625000000,2625000000,2576000000,11858000000,2260000000,7669000000,0,0,0,113000000,0,0,0,1116000000,2970000000,223000000,0,0,0,2576000000,3692000000,2723000000
PFE,quarterly,2007-09-30,USD,7372000000,11990000000,4618000000,4618000000,831000000,3768000000,1999000000,6541000000,0,0,0,93000000,0,0,0,1372000000,636000000,-161000000,0,0,0,831000000,2203000000,760000000
PFE,quarterly,2007-06-30,USD,8975000000,11084000000,2109000000,2109000000,2183000000,5794000000,2165000000,6792000000,0,0,0,61000000,0,0,0,1441000000,1619000000,272000000,0,0,0,2183000000,3624000000,1266000000
PFE,quarterly,2007-03-31,USD,10587000000,12474000000,1887000000,1887000000,4746000000,4944000000,1665000000,5841000000,0,0,0,173000000,0,0,0,1271000000,4053000000,689000000,0,0,0,4746000000,6017000000,3391000000
PFE,quarterly,2006-12-31,USD,10386000000,12603000000,2217000000,2217000000,2597000000,15589000000,2412000000,7789000000,0,0,0,96000000,0,0,0,1267000000,1714000000,223000000,0,0,0,2597000000,3864000000,9448000000
PFE,quarterly,2006-09-30,USD,10318000000,12280000000,1962000000,1962000000,3867000000,5520000000,1902000000,6451000000,0,0,0,109000000,0,0,0,1332000000,3961000000,717000000,0,0,0,3867000000,5199000000,3361000000
PFE,quarterly,2006-06-30,USD,9951000000,11741000000,1790000000,1790000000,3505000000,415000000,1742000000,6446000000,0,0,0,312000000,0,0,0,1343000000,3083000000,790000000,0,0,0,3505000000,4848000000,2413000000
PFE,quarterly,2006-03-31,USD,10687000000,12660000000,1973000000,1973000000,4461000000,415000000,1588000000,6226000000,0,0,0,0,0,0,0,1351000000,4427000000,315000000,0,0,0,4313000000,5664000000,4111000000
PFE,quarterly,2005-12-31,USD,11248000000,13593000000,2345000000,2345000000,3639000000,4755000000,2021000000,7609000000,0,0,0,488000000,0,0,0,1433000000,3365000000,609000000,0,0,0,3639000000,5072000000,2731000000
PFE,quarterly,2005-09-30,USD,10281000000,12189000000,1908000000,1908000000,3731000000,405000000,1783000000,6550000000,0,0,0,0,0,0,0,1367000000,2197000000,591000000,0,0,0,3554000000,4921000000,1588000000
PFE,quarterly,2005-06-30,USD,10344000000,12425000000,2081000000,2081000000,3384000000,460000000,1875000000,6960000000,0,0,0,0,0,0,0,1410000000,3061000000,-413000000,0,0,0,3238000000,4648000000,3461000000
PFE,quarterly,2005-03-31,USD,10900000000,13091000000,2191000000,2191000000,4169000000,420000000,1764000000,6731000000,0,0,0,0,0,0,0,1366000000,2910000000,2635000000,0,0,0,4169000000,5535000000,301000000
PFE,quarterly,2004-12-31,USD,12567000000,14923000000,2356000000,2356000000,4695000000,4676000000,2328000000,7872000000,0,0,0,359000000,0,0,0,1311000000,3499000000,625000000,0,0,0,4695000000,6006000000,2824000000
UNH,annual,2024-12-31,USD,89399000000,400278000000,310879000000,310879000000,32287000000,0,0,57112000000,0,-3906000000,0,3906000000,0,0,0,4099000000,20071000000,4829000000,0,15242000000,0,5670000000,9769000000,14405000000
UNH,annual,2023-12-31,USD,86869000000,367533000000,280664000000,280664000000,32358000000,0,0,54511000000,0,-3246000000,0,3246000000,0,0,0,3972000000,29112000000,5968000000,0,23144000000,0,28545000000,32517000000,22381000000
UNH,annual,2022-12-31,USD,77587000000,322132000000,244545000000,244545000000,28435000000,47782000000,0,51182000000,0,-2092000000,2092000000,2092000000,0,0,0,3400000000,26343000000,5704000000,0,20639000000,0,28435000000,31835000000,20120000000
UNH,annual,2021-12-31,USD,67328000000,285273000000,217945000000,217945000000,23970000000,42579000000,0,45682000000,0,-1660000000,1660000000,1660000000,0,0,0,3103000000,22310000000,4578000000,0,17732000000,0,23970000000,27073000000,17285000000
UNH,annual,2020-12-31,USD,65498000000,255639000000,190141000000,190141000000,22405000000,41704000000,0,44595000000,0,-1663000000,1663000000,1663000000,0,0,0,2891000000,20742000000,4973000000,0,15769000000,0,22405000000,25296000000,15403000000
UNH,annual,2019-12-31,USD,57598000000,242155000000,184557000000,184557000000,19685000000,35193000000,0,37913000000,0,-1704000000,1704000000,1704000000,0,0,0,2720000000,17981000000,3742000000,0,14239000000,0,19685000000,22405000000,13839000000
UNH,annual,2018-12-31,USD,53846000000,226247000000,172401000000,172401000000,17344000000,34074000000,0,36502000000,0,-1400000000,1400000000,1400000000,0,0,0,2428000000,15944000000,3562000000,0,12382000000,0,17344000000,19772000000,11986000000
UNH,annual,2017-12-31,USD,47011000000,201159000000,154148000000,154148000000,15209000000,29557000000,0,31802000000,0,-1186000000,1186000000,1186000000,0,0,0,2245000000,14023000000,3200000000,0,10823000000,0,15209000000,17454000000,10558000000
UNH,annual,2016-12-31,USD,43374000000,184828000000,141454000000,141454000000,13280000000,28401000000,0,30094000000,0,-1067000000,1067000000,1067000000,0,0,0,2055000000,12213000000,4920000000,0,7073000000,0,12930000000,14985000000,7237000000
UNH,annual,2015-12-31,USD,37026000000,157107000000,120081000000,120081000000,11021000000,24312000000,0,26005000000,0,0,790000000,790000000,0,0,0,1693000000,10231000000,4363000000,0,5868000000,0,11021000000,12714000000,5813000000
UNH,annual,2014-12-31,USD,33433000000,130474000000,97041000000,97041000000,10274000000,21681000000,0,23159000000,0,0,0,618000000,0,0,0,1478000000,9656000000,4037000000,0,5619000000,0,10274000000,11752000000,5619000000
UNH,annual,2013-12-31,USD,30360000000,122489000000,92129000000,92129000000,9623000000,19362000000,0,20737000000,0,0,0,708000000,0,0,0,1375000000,8915000000,3242000000,0,5673000000,0,9623000000,10998000000,5625000000
UNH,annual,2012-12-31,USD,27869000000,110618000000,82749000000,82749000000,9254000000,17306000000,0,18615000000,0,0,0,632000000,0,0,0,1309000000,8622000000,3096000000,0,5526000000,0,9254000000,10563000000,5526000000
UNH,annual,2011-12-31,USD,9588000000,101862000000,92274000000,92274000000,8464000000,15557000000,0,1124000000,0,0,0,505000000,0,0,0,1124000000,7959000000,2817000000,0,5142000000,0,8464000000,9588000000,5142000000
UNH,annual,2010-12-31,USD,8928000000,94155000000,85227000000,85227000000,7864000000,14270000000,0,1064000000,0,0,0,481000000,0,0,0,1064000000,7383000000,2749000000,0,4634000000,0,7864000000,8928000000,4634000000
UNH,annual,2009-12-31,USD,7350000000,87138000000,79788000000,79788000000,6359000000,12734000000,0,991000000,0,0,0,551000000,0,0,0,991000000,5808000000,1986000000,0,3822000000,0,6359000000,7350000000,3822000000
UNH,annual,2008-12-31,USD,19347000000,81186000000,61839000000,61839000000,5263000000,13103000000,0,14084000000,0,0,0,639000000,0,0,0,981000000,4624000000,1647000000,0,0,0,5263000000,6244000000,2977000000
UNH,annual,2007-12-31,USD,19228000000,75431000000,56203000000,56203000000,7849000000,10583000000,0,11379000000,0,0,0,544000000,0,0,0,796000000,7305000000,2651000000,0,0,0,7849000000,8645000000,4654000000
UNH,annual,2006-12-31,USD,16764000000,70671000000,53907000000,53907000000,6984000000,9981000000,0,10651000000,0,0,0,456000000,0,0,0,670000000,6528000000,2369000000,0,0,0,6984000000,7654000000,4159000000
UNH,annual,2005-12-31,USD,12141000000,44866000000,32725000000,32725000000,5373000000,6814000000,0,7267000000,0,0,0,241000000,0,0,0,453000000,5132000000,1832000000,0,0,0,5080000000,5533000000,3300000000
UNH,quarterly,2024-12-31,USD,21308000000,100807000000,79499000000,79499000000,7773000000,0,0,13535000000,0,-1003000000,0,1003000000,0,0,0,1041000000,6791000000,1007000000,0,5784000000,0,3533000000,4574000000,5543000000
UNH,quarterly,2024-09-30,USD,21386000000,99177000000,77791000000,77791000000,8708000000,0,0,12678000000,0,-1074000000,0,1074000000,0,0,0,1041000000,7614000000,1356000000,0,6258000000,0,8688000000,9729000000,6055000000
UNH,quarterly,2024-06-30,USD,21060000000,97858000000,76798000000,76798000000,7875000000,0,0,13185000000,0,-985000000,0,985000000,0,0,0,1020000000,5665000000,1244000000,0,4421000000,0,6650000000,7670000000,4216000000
UNH,quarterly,2024-03-31,USD,21994000000,98785000000,76791000000,76791000000,7931000000,0,0,14063000000,0,-844000000,0,844000000,0,0,0,997000000,1000000,1222000000,0,-1221000000,0,845000000,1842000000,-1409000000
UNH,quarterly,2023-12-31,USD,20823000000,93248000000,72425000000,72425000000,7689000000,0,0,14313000000,0,-830000000,0,830000000,0,0,0,974000000,6859000000,1184000000,0,5675000000,0,6510000000,7484000000,5455000000
UNH,quarterly,2023-09-30,USD,22391000000,91364000000,68973000000,68973000000,8526000000,0,0,14862000000,0,-834000000,0,834000000,0,0,0,1007000000,7692000000,1654000000,0,6038000000,0,7529000000,8536000000,5841000000
UNH,quarterly,2023-06-30,USD,21772000000,91788000000,70016000000,70016000000,8057000000,13809000000,0,14830000000,0,-828000000,0,828000000,0,0,0,1021000000,7229000000,1572000000,0,5657000000,0,8057000000,9078000000,5474000000
UNH,quarterly,2023-03-31,USD,22681000000,91931000000,69250000000,69250000000,8086000000,13625000000,0,14595000000,0,-754000000,754000000,754000000,0,0,0,970000000,7332000000,1558000000,0,5774000000,0,8086000000,9056000000,5611000000
UNH,quarterly,2022-12-31,USD,20882000000,82787000000,61905000000,61905000000,6891000000,13009000000,0,13991000000,0,-676000000,676000000,676000000,0,0,0,982000000,6215000000,1307000000,0,4908000000,0,6891000000,7873000000,4761000000
UNH,quarterly,2022-09-30,USD,19953000000,80894000000,60941000000,60941000000,7462000000,11663000000,0,12491000000,0,-516000000,516000000,516000000,0,0,0,828000000,6946000000,1562000000,0,5384000000,0,7462000000,8290000000,5262000000
UNH,quarterly,2022-06-30,USD,19643000000,80332000000,60689000000,60689000000,7132000000,11709000000,0,12511000000,0,-467000000,467000000,467000000,0,0,0,802000000,6665000000,1466000000,0,5199000000,0,7132000000,7934000000,5070000000
UNH,quarterly,2022-03-31,USD,18772000000,80149000000,61010000000,61010000000,6950000000,11401000000,0,12189000000,0,-433000000,433000000,433000000,0,0,0,421000000,6517000000,1369000000,0,5148000000,0,6950000000,7371000000,5027000000
UNH,quarterly,2021-12-31,USD,17584000000,73743000000,56159000000,56159000000,5541000000,11272000000,0,12043000000,0,-431000000,431000000,431000000,0,0,0,771000000,5110000000,919000000,0,4191000000,0,5541000000,6312000000,4071000000
UNH,quarterly,2021-09-30,USD,17233000000,72337000000,55104000000,55104000000,5712000000,10725000000,0,11521000000,0,-422000000,422000000,422000000,0,0,0,796000000,5290000000,1099000000,0,4191000000,0,5712000000,6508000000,4086000000
UNH,quarterly,2021-06-30,USD,17115000000,71321000000,54206000000,54206000000,5978000000,10359000000,0,11137000000,0,-410000000,410000000,410000000,0,0,0,778000000,5568000000,1196000000,0,4372000000,0,5978000000,6756000000,4266000000
UNH,quarterly,2021-03-31,USD,17720000000,70196000000,52476000000,52476000000,6739000000,10223000000,0,10981000000,0,-397000000,397000000,397000000,0,0,0,758000000,6342000000,1364000000,0,4978000000,0,6739000000,7497000000,4862000000
UNH,quarterly,2020-12-31,USD,15763000000,65467000000,49704000000,49704000000,3517000000,11514000000,0,12246000000,0,-401000000,401000000,401000000,0,0,0,732000000,3116000000,764000000,0,2352000000,0,3517000000,4249000000,2212000000
UNH,quarterly,2020-09-30,USD,15544000000,65115000000,49571000000,49571000000,4651000000,10174000000,0,10893000000,0,-395000000,395000000,395000000,0,0,0,719000000,4256000000,1000000000,0,3256000000,0,4651000000,5370000000,3172000000
UNH,quarterly,2020-06-30,USD,19959000000,62138000000,42179000000,42179000000,9241000000,10001000000,0,10718000000,0,-430000000,430000000,430000000,0,0,0,717000000,8811000000,2115000000,0,6696000000,0,9241000000,9958000000,6637000000
UNH,quarterly,2020-03-31,USD,15734000000,64421000000,48687000000,48687000000,4996000000,10015000000,0,10738000000,0,-437000000,437000000,437000000,0,0,0,723000000,4559000000,1094000000,0,3465000000,0,4996000000,5719000000,3382000000
UNH,quarterly,2019-12-31,USD,15114000000,60901000000,45787000000,45787000000,5095000000,9301000000,0,10019000000,0,-437000000,437000000,437000000,0,0,0,718000000,4658000000,990000000,0,3668000000,0,5095000000,5813000000,3541000000
UNH,quarterly,2019-09-30,USD,14683000000,60351000000,45668000000,45668000000,5014000000,8960000000,0,9669000000,0,-449000000,449000000,449000000,0,0,0,709000000,4565000000,936000000,0,3629000000,0,5014000000,5723000000,3538000000
UNH,quarterly,2019-06-30,USD,13813000000,60595000000,46782000000,46782000000,4744000000,8415000000,0,9069000000,0,-418000000,418000000,418000000,0,0,0,654000000,4326000000,941000000,0,3385000000,0,4744000000,5398000000,3293000000
UNH,quarterly,2019-03-31,USD,13988000000,60308000000,46320000000,46320000000,4832000000,8517000000,0,9156000000,0,-400000000,0,400000000,0,0,0,639000000,4432000000,875000000,0,3557000000,0,4832000000,5471000000,3467000000
UNH,quarterly,2018-12-31,USD,13837000000,58417000000,44580000000,44580000000,4497000000,8703000000,0,9340000000,0,0,0,374000000,0,0,0,637000000,4123000000,959000000,0,3164000000,0,4497000000,5134000000,3040000000
UNH,quarterly,2018-09-30,USD,13680000000,56556000000,42876000000,42876000000,4590000000,8479000000,0,9090000000,0,0,0,353000000,0,0,0,611000000,4237000000,953000000,0,3284000000,0,4590000000,5201000000,3188000000
UNH,quarterly,2018-06-30,USD,13188000000,56086000000,42898000000,42898000000,4204000000,8386000000,0,8984000000,0,0,0,344000000,0,0,0,598000000,3860000000,850000000,0,3010000000,0,4204000000,4802000000,2922000000
UNH,quarterly,2018-03-31,USD,13141000000,55188000000,42047000000,42047000000,4053000000,8506000000,0,9088000000,0,0,0,329000000,0,0,0,582000000,3724000000,800000000,0,2924000000,0,4053000000,4635000000,2836000000
UNH,quarterly,2017-12-31,USD,12375000000,52061000000,39686000000,39686000000,3977000000,7820000000,0,8398000000,0,0,0,308000000,0,0,0,578000000,3669000000,-52000000,0,3721000000,0,3977000000,4555000000,3617000000
UNH,quarterly,2017-09-30,USD,12053000000,50322000000,38269000000,38269000000,4088000000,7387000000,0,7965000000,0,0,0,294000000,0,0,0,578000000,3794000000,1233000000,0,2561000000,0,4088000000,4666000000,2485000000
UNH,quarterly,2017-06-30,USD,11615000000,50053000000,38438000000,38438000000,3731000000,7328000000,0,7884000000,0,0,0,301000000,0,0,0,556000000,3430000000,1080000000,0,2350000000,0,3731000000,4287000000,2284000000
UNH,quarterly,2017-03-31,USD,10968000000,48723000000,37755000000,37755000000,3413000000,7022000000,0,7555000000,0,0,0,283000000,0,0,0,533000000,3130000000,939000000,0,2191000000,0,3413000000,3946000000,2172000000
UNH,quarterly,2016-12-31,USD,11531000000,47535000000,36004000000,36004000000,3187000000,7817000000,0,8344000000,0,0,0,268000000,0,0,0,527000000,2919000000,1211000000,0,1708000000,0,3187000000,3714000000,1684000000
UNH,quarterly,2016-09-30,USD,11128000000,46293000000,35165000000,35165000000,3580000000,7033000000,0,7548000000,0,0,0,269000000,0,0,0,515000000,3311000000,1333000000,0,1978000000,0,3580000000,4095000000,1968000000
UNH,quarterly,2016-06-30,USD,10507000000,46485000000,35978000000,35978000000,3203000000,6793000000,0,7304000000,0,0,0,271000000,0,0,0,511000000,2932000000,1172000000,0,1760000000,0,3203000000,3714000000,1754000000
UNH,quarterly,2016-03-31,USD,10220000000,44527000000,34307000000,34307000000,2960000000,6758000000,0,7260000000,0,0,0,259000000,0,0,0,502000000,2701000000,1074000000,0,1627000000,0,2960000000,3462000000,1611000000
UNH,quarterly,2015-12-31,USD,9162000000,43599000000,34437000000,34437000000,2468000000,6210000000,0,6694000000,0,0,0,260000000,0,0,0,484000000,2208000000,956000000,0,1252000000,0,2468000000,2952000000,1218000000
UNH,quarterly,2015-09-30,USD,9648000000,41489000000,31841000000,31841000000,3018000000,6301000000,0,6630000000,0,0,0,229000000,0,0,0,452000000,2789000000,1171000000,0,1618000000,0,3018000000,3470000000,1597000000
UNH,quarterly,2015-06-30,USD,9012000000,36263000000,27251000000,27251000000,2895000000,5852000000,0,6117000000,0,0,0,151000000,0,0,0,379000000,2744000000,1159000000,0,1585000000,0,2895000000,3274000000,1585000000
UNH,quarterly,2015-03-31,USD,8852000000,35756000000,26904000000,26904000000,2640000000,5834000000,0,6212000000,0,0,0,150000000,0,0,0,378000000,2490000000,1077000000,0,1413000000,0,2640000000,3018000000,1413000000
UNH,quarterly,2014-12-31,USD,8991000000,33433000000,24442000000,24442000000,2765000000,5845000000,0,6226000000,0,0,0,151000000,0,0,0,381000000,2614000000,1104000000,0,1510000000,0,2765000000,3146000000,1510000000
UNH,quarterly,2014-09-30,USD,8712000000,32759000000,24047000000,24047000000,2903000000,5436000000,0,5809000000,0,0,0,152000000,0,0,0,373000000,2751000000,1149000000,0,1602000000,0,2903000000,3276000000,1602000000
UNH,quarterly,2014-06-30,USD,8122000000,32574000000,24452000000,24452000000,2552000000,5206000000,0,5570000000,0,0,0,155000000,0,0,0,364000000,2397000000,989000000,0,1408000000,0,2552000000,2916000000,1408000000
UNH,quarterly,2014-03-31,USD,7608000000,31708000000,24100000000,24100000000,2054000000,5194000000,0,5554000000,0,0,0,160000000,0,0,0,360000000,1894000000,795000000,0,1099000000,0,2054000000,2414000000,1099000000
UNH,quarterly,2013-12-31,USD,7856000000,31117000000,23261000000,23261000000,2452000000,5054000000,0,5404000000,0,0,0,176000000,0,0,0,350000000,2276000000,849000000,0,1427000000,0,2452000000,2802000000,1427000000
UNH,quarterly,2013-09-30,USD,7849000000,30624000000,22775000000,22775000000,2631000000,4869000000,0,5218000000,0,0,0,178000000,0,0,0,349000000,2453000000,883000000,0,1570000000,0,2631000000,2980000000,1570000000
UNH,quarterly,2013-06-30,USD,7566000000,30408000000,22842000000,22842000000,2401000000,4825000000,0,5165000000,0,0,0,176000000,0,0,0,340000000,2225000000,789000000,0,1436000000,0,2401000000,2741000000,1436000000
UNH,quarterly,2013-03-31,USD,7089000000,30340000000,23251000000,23251000000,2139000000,4614000000,0,4950000000,0,0,0,178000000,0,0,0,336000000,1961000000,721000000,0,1240000000,0,2139000000,2475000000,1192000000
UNH,quarterly,2012-12-31,USD,7819000000,29264000000,21445000000,21445000000,2101000000,12453000000,0,5223000000,0,0,0,173000000,0,0,0,370000000,1928000000,684000000,0,1244000000,0,2101000000,2471000000,1244000000
UNH,quarterly,2012-09-30,USD,7204000000,27302000000,20098000000,20098000000,2610000000,4277000000,0,4594000000,0,0,0,158000000,0,0,0,317000000,2452000000,895000000,0,1557000000,0,2610000000,2927000000,1557000000
UNH,quarterly,2012-06-30,USD,6632000000,27265000000,20633000000,20633000000,2226000000,4080000000,0,4406000000,0,0,0,153000000,0,0,0,326000000,2073000000,736000000,0,1337000000,0,2226000000,2552000000,1337000000
UNH,quarterly,2012-03-31,USD,6709000000,27282000000,20573000000,20573000000,2317000000,4096000000,0,4392000000,0,0,0,148000000,0,0,0,296000000,2169000000,781000000,0,1388000000,0,2317000000,2613000000,1388000000
UNH,quarterly,2011-12-31,USD,6530000000,25774000000,19244000000,19244000000,2074000000,4308000000,0,4598000000,0,0,0,139000000,0,0,0,290000000,1935000000,677000000,0,1258000000,0,2074000000,2364000000,1258000000
UNH,quarterly,2011-09-30,USD,6093000000,25110000000,19017000000,19017000000,2070000000,3899000000,0,4193000000,0,0,0,129000000,0,0,0,294000000,1941000000,670000000,0,1271000000,0,2070000000,2364000000,1271000000
UNH,quarterly,2011-06-30,USD,5942000000,25074000000,19132000000,19132000000,2099000000,3733000000,0,4003000000,0,0,0,119000000,0,0,0,270000000,1980000000,713000000,0,1267000000,0,2099000000,2369000000,1267000000
UNH,quarterly,2011-03-31,USD,5926000000,25250000000,19324000000,19324000000,2221000000,3617000000,0,3887000000,0,0,0,118000000,0,0,0,270000000,2103000000,757000000,0,1346000000,0,2221000000,2491000000,1346000000
UNH,quarterly,2010-12-31,USD,15783000000,23421000000,7638000000,7638000000,1802000000,4087000000,0,14590000000,0,0,0,118000000,0,0,0,320000000,1684000000,641000000,0,1043000000,0,1802000000,2122000000,1043000000
UNH,quarterly,2010-09-30,USD,5804000000,23532000000,17728000000,17728000000,2145000000,3548000000,0,3795000000,0,0,0,119000000,0,0,0,247000000,2026000000,749000000,0,1277000000,0,2145000000,2392000000,1277000000
UNH,quarterly,2010-06-30,USD,5360000000,23115000000,17755000000,17755000000,1901000000,3359000000,0,3608000000,0,0,0,119000000,0,0,0,249000000,1782000000,659000000,0,1123000000,0,1901000000,2150000000,1123000000
UNH,quarterly,2010-03-31,USD,5367000000,23020000000,17653000000,17653000000,2016000000,3276000000,0,3524000000,0,0,0,125000000,0,0,0,248000000,1891000000,700000000,0,1191000000,0,2016000000,2264000000,1191000000
UNH,quarterly,2009-12-31,USD,1833000000,21784000000,19951000000,19951000000,1575000000,3413000000,0,258000000,0,0,0,144000000,0,0,0,258000000,1431000000,487000000,0,0,0,1575000000,1833000000,944000000
UNH,quarterly,2009-09-30,USD,1926000000,21695000000,19769000000,19769000000,1676000000,3156000000,0,250000000,0,0,0,137000000,0,0,0,250000000,1539000000,504000000,0,1035000000,0,1676000000,1926000000,1035000000
UNH,quarterly,2009-06-30,USD,1689000000,21655000000,19966000000,19966000000,1440000000,3037000000,0,249000000,0,0,0,139000000,0,0,0,249000000,1301000000,442000000,0,859000000,0,1440000000,1689000000,859000000
UNH,quarterly,2009-03-31,USD,1902000000,22004000000,20102000000,20102000000,1668000000,3037000000,0,234000000,0,0,0,131000000,0,0,0,234000000,1537000000,553000000,0,0,0,1668000000,1902000000,984000000
UNH,quarterly,2008-12-31,USD,4253000000,19683000000,15430000000,15430000000,1279000000,3146000000,0,3745000000,0,0,0,155000000,0,0,0,259000000,1124000000,398000000,0,0,0,1279000000,1538000000,726000000
UNH,quarterly,2008-09-30,USD,1852000000,20156000000,18304000000,18304000000,1598000000,3014000000,0,254000000,0,0,0,166000000,0,0,0,254000000,1432000000,512000000,0,0,0,1598000000,1852000000,920000000
UNH,quarterly,2008-06-30,USD,916000000,20272000000,19356000000,19356000000,673000000,3009000000,0,243000000,0,0,0,164000000,0,0,0,243000000,509000000,172000000,0,0,0,673000000,916000000,337000000
UNH,quarterly,2008-03-31,USD,1938000000,20304000000,18366000000,18366000000,1713000000,2897000000,0,225000000,0,0,0,154000000,0,0,0,225000000,1559000000,565000000,0,0,0,1713000000,1938000000,994000000
UNH,quarterly,2007-12-31,USD,4943000000,18705000000,13762000000,13762000000,2038000000,2874000000,0,2905000000,0,0,0,544000000,0,0,0,207000000,1885000000,669000000,0,0,0,2038000000,2245000000,1216000000
UNH,quarterly,2007-09-30,USD,4973000000,18679000000,13706000000,13706000000,2155000000,2616000000,0,2818000000,0,0,0,142000000,0,0,0,202000000,2013000000,730000000,0,0,0,2155000000,2357000000,1283000000
UNH,quarterly,2007-06-30,USD,4875000000,19000000000,14125000000,14125000000,2074000000,2605000000,0,2801000000,0,0,0,133000000,0,0,0,196000000,1941000000,713000000,0,0,0,2074000000,2270000000,1228000000
UNH,quarterly,2007-03-31,USD,4437000000,19047000000,14610000000,14610000000,1582000000,2488000000,0,2855000000,0,0,0,116000000,0,0,0,191000000,1466000000,539000000,0,0,0,1582000000,1773000000,927000000
UNH,quarterly,2006-12-31,USD,3843000000,17257000000,13414000000,13414000000,1981000000,2518000000,0,2733000000,0,0,0,95000000,0,0,0,177000000,1852000000,677000000,0,0,0,1981000000,2158000000,1175000000
UNH,quarterly,2006-09-30,USD,4450000000,17970000000,13520000000,13520000000,1863000000,2453000000,0,2587000000,0,0,0,129000000,0,0,0,168000000,1734000000,622000000,0,0,0,1863000000,2031000000,1112000000
UNH,quarterly,2006-06-30,USD,4310000000,17863000000,13553000000,13553000000,1667000000,2447000000,0,2643000000,0,0,0,116000000,0,0,0,168000000,1551000000,570000000,0,0,0,1667000000,1835000000,981000000
UNH,quarterly,2006-03-31,USD,4161000000,17581000000,13420000000,13420000000,1473000000,2504000000,0,2688000000,0,0,0,82000000,0,0,0,157000000,1391000000,500000000,0,0,0,1473000000,1630000000,891000000
UNH,quarterly,2005-12-31,USD,2922000000,11546000000,8624000000,8624000000,1429000000,1941000000,0,1992000000,0,0,0,241000000,0,0,0,120000000,1354000000,484000000,0,0,0,1429000000,1549000000,870000000
UNH,quarterly,2005-09-30,USD,3217000000,11613000000,8396000000,8396000000,1323000000,1778000000,0,1894000000,0,0,0,62000000,0,0,0,116000000,1261000000,461000000,0,0,0,1323000000,1439000000,800000000
UNH,quarterly,2005-06-30,USD,3075000000,11379000000,8304000000,8304000000,1262000000,1705000000,0,1813000000,0,0,0,55000000,0,0,0,108000000,1207000000,438000000,0,0,0,1262000000,1370000000,769000000
UNH,quarterly,2005-03-31,USD,3009000000,11164000000,8155000000,8155000000,1200000000,1710000000,0,1809000000,0,0,0,49000000,0,0,0,109000000,1151000000,408000000,0,0,0,1200000000,1309000000,743000000
UNH,quarterly,2004-12-31,USD,2498000000,10123000000,7625000000,7625000000,1188000000,1592000000,0,1698000000,0,0,0,128000000,0,0,0,106000000,1146000000,407000000,0,0,0,1188000000,1294000000,739000000
MDT,annual,2024-04-30,USD,21148000000,32364000000,11216000000,11216000000,5144000000,10736000000,2735000000,16129000000,0,-719000000,0,719000000,0,0,0,2647000000,4837000000,1133000000,0,3705000000,0,5556000000,8203000000,3676000000
MDT,annual,2023-04-30,USD,20508000000,31227000000,10719000000,10719000000,5485000000,10415000000,2696000000,14678000000,0,-636000000,164000000,636000000,0,515000000,0,2697000000,5364000000,1580000000,0,3784000000,0,5778000000,8475000000,3758000000
MDT,annual,2022-04-30,USD,21541000000,31686000000,10145000000,10145000000,5752000000,10292000000,2746000000,15633000000,0,-553000000,541000000,553000000,0,318000000,0,2707000000,5517000000,456000000,0,5062000000,0,6847000000,9554000000,5039000000
MDT,annual,2021-04-30,USD,19634000000,30117000000,10483000000,10483000000,4484000000,10148000000,2493000000,14739000000,0,-925000000,617000000,925000000,0,336000000,0,2702000000,3895000000,265000000,0,3630000000,0,5490000000,8192000000,3606000000
MDT,annual,2020-04-30,USD,19489000000,28913000000,9424000000,9424000000,4791000000,9875000000,2331000000,14267000000,0,-1092000000,379000000,1092000000,0,356000000,0,2663000000,4055000000,-751000000,0,4806000000,0,5162000000,7825000000,4789000000
MDT,annual,2019-04-30,USD,21402000000,30557000000,9155000000,9155000000,6268000000,10232000000,2330000000,14770000000,0,-1444000000,676000000,1444000000,0,373000000,0,2659000000,5197000000,547000000,0,4650000000,0,6709000000,9368000000,4631000000
MDT,annual,2018-04-30,USD,20898000000,29953000000,9055000000,9055000000,6651000000,9953000000,2253000000,14555000000,0,-749000000,397000000,1146000000,0,-505000000,0,2644000000,5675000000,2580000000,0,3095000000,0,6545000000,9189000000,3104000000
MDT,annual,2017-04-30,USD,20419000000,29710000000,9291000000,9291000000,5330000000,10018000000,2193000000,14106000000,0,-728000000,366000000,1094000000,0,-222000000,0,2917000000,4602000000,578000000,0,4024000000,0,6110000000,9027000000,4028000000
MDT,annual,2016-04-30,USD,19691000000,28833000000,9142000000,9142000000,5291000000,9469000000,2224000000,13731000000,0,0,1025000000,1386000000,0,-107000000,0,2820000000,4336000000,798000000,0,3538000000,0,5719000000,8539000000,3538000000
MDT,annual,2015-04-30,USD,13952000000,20261000000,6309000000,6309000000,3766000000,6904000000,1640000000,9395000000,0,0,0,666000000,0,-118000000,0,1306000000,3486000000,811000000,0,2675000000,0,4972000000,6278000000,2675000000
MDT,annual,2014-04-30,USD,12672000000,17005000000,4333000000,4333000000,4084000000,7324000000,1477000000,7854000000,0,0,0,379000000,0,0,0,850000000,3705000000,640000000,0,3065000000,0,4795000000,5645000000,3065000000
MDT,annual,2013-04-30,USD,12464000000,16590000000,4126000000,4126000000,4639000000,7255000000,1557000000,7694000000,0,0,0,388000000,0,0,0,819000000,4251000000,784000000,0,0,0,4719000000,5538000000,3467000000
MDT,annual,2012-04-30,USD,12295000000,16184000000,3889000000,3889000000,4696000000,7113000000,1490000000,7899000000,0,0,0,149000000,0,0,0,862000000,4145000000,730000000,0,0,0,4465000000,5327000000,3617000000
MDT,annual,2011-04-30,USD,12021000000,15933000000,3912000000,3912000000,4173000000,7041000000,1508000000,7041000000,0,0,0,450000000,0,0,0,804000000,3723000000,627000000,0,0,0,4254000000,5058000000,3096000000
MDT,annual,2010-04-30,USD,12005000000,15817000000,3812000000,3812000000,4371000000,6875000000,1483000000,7740000000,0,0,0,246000000,0,0,0,772000000,3969000000,870000000,0,0,0,4371000000,5143000000,3099000000
MDT,annual,2009-04-30,USD,11081000000,14599000000,3518000000,3518000000,2811000000,6507000000,1355000000,6903000000,0,0,0,217000000,0,0,0,699000000,2594000000,425000000,0,0,0,2811000000,3510000000,2169000000
MDT,annual,2008-04-30,USD,10069000000,13515000000,3446000000,3446000000,2885000000,5982000000,1275000000,5982000000,0,0,0,255000000,0,0,0,637000000,2885000000,654000000,0,0,0,2994000000,3631000000,2231000000
MDT,annual,2007-04-30,USD,9131000000,12299000000,3168000000,3168000000,3515000000,5392000000,1239000000,5392000000,0,0,0,0,0,0,0,583000000,3515000000,713000000,0,0,0,3739000000,4322000000,2802000000
MDT,annual,2006-04-30,USD,8476700000,11292000000,2815300000,2815300000,3161300000,4772300000,1112900000,4772300000,0,0,0,0,0,0,0,543600000,3161300000,614600000,0,0,0,3629200000,4172800000,2546700000
MDT,annual,2005-04-30,USD,7608200000,10054600000,2446400000,2446400000,2543500000,4164900000,951300000,4164900000,0,0,0,0,0,0,0,463300000,2543500000,739600000,0,0,0,2598600000,3061900000,1803900000
MDT,quarterly,2025-01-31,USD,5513000000,8292000000,2779000000,2779000000,1646000000,2717000000,675000000,3867000000,0,-179000000,0,179000000,0,0,0,684000000,1540000000,237000000,0,1303000000,0,1719000000,2403000000,1294000000
MDT,quarterly,2024-10-31,USD,5457000000,8403000000,2946000000,2946000000,1595000000,2757000000,697000000,3862000000,0,-209000000,0,209000000,0,0,0,675000000,1559000000,281000000,0,1278000000,0,1768000000,2443000000,1270000000
MDT,quarterly,2024-07-31,USD,4712000000,7915000000,3203000000,3203000000,1278000000,2655000000,676000000,3885000000,0,-167000000,0,167000000,0,0,0,662000000,1268000000,220000000,0,1049000000,0,1386000000,2048000000,1042000000
MDT,quarterly,2024-04-30,USD,5197000000,8589000000,3392000000,3392000000,1527000000,2765000000,675000000,3670000000,0,-202000000,0,202000000,0,0,0,654000000,856000000,196000000,0,660000000,0,1844000000,2498000000,654000000
MDT,quarterly,2024-01-31,USD,5307000000,8089000000,2782000000,2782000000,1483000000,2673000000,695000000,3368000000,0,-188000000,0,188000000,0,0,0,649000000,1472000000,135000000,0,1337000000,0,1551000000,2200000000,1322000000
MDT,quarterly,2023-10-31,USD,5223000000,7984000000,2761000000,2761000000,1340000000,2686000000,698000000,3778000000,0,-180000000,0,180000000,0,0,0,672000000,1313000000,402000000,0,911000000,0,1538000000,2210000000,909000000
MDT,quarterly,2023-07-31,USD,5074000000,7702000000,2628000000,2628000000,1268000000,2613000000,668000000,3711000000,0,-148000000,148000000,148000000,0,0,0,672000000,1196000000,400000000,0,797000000,0,1419000000,2091000000,791000000
MDT,quarterly,2023-04-30,USD,5564000000,8544000000,2980000000,2980000000,1565000000,2616000000,640000000,3735000000,0,-187000000,36000000,187000000,0,174000000,0,679000000,1551000000,362000000,0,1188000000,0,1792000000,2471000000,1179000000
MDT,quarterly,2023-01-31,USD,5038000000,7727000000,2689000000,2689000000,1392000000,2558000000,688000000,3646000000,0,-167000000,159000000,167000000,0,149000000,0,679000000,1375000000,146000000,0,1229000000,0,1542000000,2221000000,1222000000
MDT,quarterly,2022-10-31,USD,5050000000,7585000000,2535000000,2535000000,1404000000,2617000000,676000000,3617000000,0,-118000000,118000000,118000000,0,109000000,0,671000000,1395000000,959000000,0,435000000,0,1397000000,2068000000,427000000
MDT,quarterly,2022-07-31,USD,4451000000,7371000000,2920000000,2920000000,1071000000,2567000000,692000000,3380000000,0,-164000000,24000000,164000000,0,83000000,0,668000000,1044000000,112000000,0,931000000,0,1171000000,1839000000,929000000
MDT,quarterly,2022-04-30,USD,5089000000,8089000000,3000000000,3000000000,1711000000,2569000000,652000000,3378000000,0,-143000000,167000000,143000000,0,74000000,0,688000000,1602000000,110000000,0,1492000000,0,1837000000,2525000000,1485000000
MDT,quarterly,2022-01-31,USD,5304000000,7763000000,2459000000,2459000000,1659000000,2561000000,668000000,3598000000,0,-137000000,137000000,137000000,0,67000000,0,672000000,1589000000,106000000,0,1483000000,0,1641000000,2313000000,1480000000
MDT,quarterly,2021-10-31,USD,5350000000,7847000000,2497000000,2497000000,1563000000,2615000000,676000000,3743000000,0,-136000000,136000000,136000000,0,66000000,0,676000000,1493000000,176000000,0,1317000000,0,1650000000,2326000000,1311000000
MDT,quarterly,2021-07-31,USD,5389000000,7987000000,2598000000,2598000000,859000000,2547000000,750000000,4493000000,0,-137000000,137000000,137000000,0,111000000,0,671000000,833000000,64000000,0,769000000,0,1732000000,2403000000,763000000
MDT,quarterly,2021-04-30,USD,5536000000,8188000000,2652000000,2652000000,1607000000,2594000000,632000000,3870000000,0,-142000000,142000000,142000000,0,103000000,0,684000000,1567000000,200000000,0,1367000000,0,1885000000,2569000000,1361000000
MDT,quarterly,2021-01-31,USD,5154000000,7775000000,2621000000,2621000000,1277000000,2537000000,601000000,3673000000,0,-143000000,143000000,143000000,0,86000000,0,678000000,1220000000,-59000000,0,1279000000,0,1629000000,2307000000,1270000000
MDT,quarterly,2020-10-31,USD,4942000000,7647000000,2705000000,2705000000,930000000,2600000000,639000000,3831000000,0,-470000000,116000000,470000000,0,65000000,0,671000000,525000000,31000000,0,494000000,0,1174000000,1845000000,489000000
MDT,quarterly,2020-07-31,USD,4002000000,6507000000,2505000000,2505000000,673000000,2370000000,621000000,3364000000,0,-171000000,119000000,171000000,0,82000000,0,669000000,584000000,93000000,0,491000000,0,673000000,1342000000,487000000
MDT,quarterly,2020-04-30,USD,3734000000,5998000000,2264000000,2264000000,317000000,2310000000,567000000,3349000000,0,-162000000,100000000,162000000,0,51000000,0,672000000,206000000,-434000000,0,639000000,0,337000000,1009000000,646000000
MDT,quarterly,2020-01-31,USD,5317000000,7717000000,2400000000,2400000000,1639000000,2525000000,573000000,3557000000,0,-156000000,79000000,156000000,0,96000000,0,663000000,1579000000,-340000000,0,1919000000,0,1780000000,2443000000,1915000000
MDT,quarterly,2019-10-31,USD,5312000000,7706000000,2394000000,2394000000,1351000000,2558000000,603000000,3813000000,0,-165000000,165000000,165000000,0,108000000,0,671000000,1294000000,-77000000,0,1371000000,0,1540000000,2211000000,1364000000
MDT,quarterly,2019-07-31,USD,5127000000,7493000000,2366000000,2366000000,1485000000,2482000000,587000000,3548000000,0,-609000000,196000000,609000000,0,101000000,0,657000000,977000000,100000000,0,877000000,0,1616000000,2273000000,864000000
MDT,quarterly,2019-04-30,USD,5663000000,8146000000,2483000000,2483000000,1946000000,2640000000,594000000,3631000000,0,-718000000,0,718000000,0,64000000,0,667000000,1292000000,110000000,0,1182000000,0,2114000000,2781000000,1172000000
MDT,quarterly,2019-01-31,USD,5281000000,7546000000,2265000000,2265000000,1542000000,2500000000,561000000,3650000000,0,0,0,243000000,0,71000000,0,675000000,1370000000,99000000,0,1271000000,0,1695000000,2370000000,1269000000
MDT,quarterly,2018-10-31,USD,5278000000,7481000000,2203000000,2203000000,1544000000,2554000000,590000000,3710000000,0,0,0,241000000,0,52000000,0,651000000,1355000000,235000000,0,1120000000,0,1545000000,2196000000,1115000000
MDT,quarterly,2018-07-31,USD,5180000000,7384000000,2204000000,2204000000,1236000000,2538000000,585000000,3779000000,0,0,0,242000000,0,186000000,0,666000000,1180000000,103000000,0,1077000000,0,1417000000,2083000000,1075000000
MDT,quarterly,2018-04-30,USD,5749000000,8144000000,2395000000,2395000000,1935000000,2533000000,592000000,3780000000,0,0,0,317000000,0,-188000000,0,664000000,1725000000,260000000,0,1465000000,0,2164000000,2828000000,1460000000
MDT,quarterly,2018-01-31,USD,5178000000,7369000000,2191000000,2191000000,1426000000,2496000000,558000000,3658000000,0,0,0,270000000,0,-140000000,0,666000000,1027000000,2419000000,0,-1392000000,0,1780000000,2446000000,-1389000000
MDT,quarterly,2017-10-31,USD,4930000000,7050000000,2120000000,2120000000,1901000000,2438000000,555000000,3564000000,0,0,0,273000000,0,-111000000,0,678000000,1728000000,-285000000,0,2013000000,0,1295000000,1973000000,2017000000
MDT,quarterly,2017-07-31,USD,5041000000,7390000000,2349000000,2349000000,1389000000,2487000000,548000000,3553000000,0,0,0,286000000,0,-66000000,0,636000000,1195000000,186000000,0,1009000000,0,1453000000,2089000000,1016000000
MDT,quarterly,2017-04-30,USD,5480000000,7916000000,2436000000,2436000000,1631000000,2786000000,553000000,3576000000,0,0,0,290000000,0,-48000000,0,718000000,1435000000,271000000,0,1164000000,0,1781000000,2499000000,1163000000
MDT,quarterly,2017-01-31,USD,5015000000,7283000000,2268000000,2268000000,1147000000,2388000000,530000000,3461000000,0,0,0,268000000,0,-46000000,0,730000000,967000000,147000000,0,820000000,0,1426000000,2156000000,821000000
MDT,quarterly,2016-10-31,USD,5019000000,7345000000,2326000000,2326000000,1385000000,2416000000,554000000,3559000000,0,0,0,264000000,0,-89000000,0,732000000,1212000000,101000000,0,1111000000,0,1512000000,2244000000,1115000000
MDT,quarterly,2016-07-31,USD,4905000000,7166000000,2261000000,2261000000,1167000000,2428000000,556000000,3510000000,0,0,0,272000000,0,-39000000,0,737000000,988000000,59000000,0,929000000,0,1397000000,2134000000,929000000
MDT,quarterly,2016-04-30,USD,5204000000,7567000000,2363000000,2363000000,1506000000,2360000000,575000000,3397000000,0,0,0,481000000,0,20000000,0,708000000,1135000000,31000000,0,1103000000,0,1849000000,2557000000,1104000000
MDT,quarterly,2016-01-31,USD,4793000000,6934000000,2141000000,2141000000,1355000000,2317000000,546000000,3356000000,0,0,0,275000000,0,-9000000,0,715000000,1179000000,84000000,0,1095000000,0,1305000000,2020000000,1095000000
MDT,quarterly,2015-10-31,USD,4876000000,7058000000,2182000000,2182000000,1300000000,2343000000,545000000,3428000000,0,0,0,324000000,0,-57000000,0,696000000,1083000000,563000000,0,520000000,0,1362000000,2058000000,520000000
MDT,quarterly,2015-07-31,USD,4818000000,7274000000,2456000000,2456000000,1131000000,2449000000,558000000,3549000000,0,0,0,306000000,0,-61000000,0,701000000,940000000,120000000,0,820000000,0,1412000000,2113000000,820000000
MDT,quarterly,2015-04-30,USD,4370000000,7304000000,2934000000,2934000000,373000000,2404000000,528000000,3380000000,0,0,0,299000000,0,0,0,468000000,187000000,188000000,0,2675000000,0,-611000000,-143000000,-1000000
MDT,quarterly,2015-01-31,USD,3190000000,4318000000,1128000000,1128000000,1370000000,37075000,373000000,1973000000,0,0,0,176000000,0,0,0,206000000,1194000000,217000000,0,-37075000,0,1164000000,1370000000,977000000
MDT,quarterly,2014-10-31,USD,3224000000,4366000000,1142000000,1142000000,1116000000,1881000000,374000000,2033000000,0,0,0,94000000,0,0,0,208000000,1022000000,194000000,0,0,0,1199000000,1407000000,828000000
MDT,quarterly,2014-07-31,USD,3168000000,4273000000,1105000000,1105000000,1180000000,1871000000,365000000,2009000000,0,0,0,97000000,0,0,0,215000000,1083000000,212000000,0,0,0,1189000000,1404000000,871000000
MDT,quarterly,2014-04-30,USD,3395000000,4566000000,1171000000,1171000000,584000000,1924000000,385000000,2070000000,0,0,0,103000000,0,0,0,215000000,481000000,33000000,0,3065000000,0,1395000000,1610000000,448000000
MDT,quarterly,2014-01-31,USD,3113000000,4163000000,1050000000,1050000000,1047000000,1814000000,360000000,1948000000,0,0,0,92000000,0,0,0,214000000,955000000,193000000,0,0,0,1160000000,1374000000,762000000
MDT,quarterly,2013-10-31,USD,3104000000,4194000000,1090000000,1090000000,1211000000,1810000000,372000000,1931000000,0,0,0,95000000,0,0,0,213000000,1116000000,214000000,0,0,0,1158000000,1371000000,902000000
MDT,quarterly,2013-07-31,USD,3061000000,4083000000,1022000000,1022000000,1243000000,1776000000,360000000,1906000000,0,0,0,90000000,0,0,0,208000000,1153000000,200000000,0,0,0,1117000000,1325000000,953000000
MDT,quarterly,2013-04-30,USD,3325000000,4459000000,1134000000,1134000000,1260000000,1884000000,409000000,1956000000,0,0,0,106000000,0,0,0,209000000,1154000000,185000000,0,0,0,1536000000,1745000000,969000000
MDT,quarterly,2013-01-31,USD,3028000000,4027000000,999000000,999000000,1253000000,1777000000,376000000,1882000000,0,0,0,98000000,0,0,0,214000000,1155000000,167000000,0,0,0,1091000000,1305000000,988000000
MDT,quarterly,2012-10-31,USD,3075000000,4095000000,1020000000,1020000000,949000000,1804000000,387000000,1952000000,0,0,0,24000000,0,0,0,199000000,854000000,208000000,0,0,0,1123000000,1322000000,646000000
MDT,quarterly,2012-07-31,USD,3035000000,4008000000,973000000,973000000,1177000000,1790000000,385000000,1909000000,0,0,0,33000000,0,0,0,197000000,1088000000,224000000,0,0,0,1126000000,1323000000,864000000
MDT,quarterly,2012-04-30,USD,3250000000,4297000000,1047000000,1047000000,1232000000,1855000000,393000000,1620000000,0,0,0,98000000,0,0,0,171000000,1031000000,143000000,0,0,0,1129000000,1300000000,991000000
MDT,quarterly,2012-01-31,USD,2987000000,3918000000,931000000,931000000,1232000000,1735000000,364000000,1901000000,0,0,0,89000000,0,0,0,225000000,1053000000,208000000,0,0,0,1126000000,1351000000,935000000
MDT,quarterly,2011-10-31,USD,3118000000,4132000000,1014000000,1014000000,1138000000,1781000000,379000000,2044000000,0,0,0,85000000,0,0,0,226000000,1053000000,182000000,0,0,0,1115000000,1341000000,871000000
MDT,quarterly,2011-07-31,USD,3043000000,4049000000,1006000000,1006000000,1099000000,1742000000,371000000,1976000000,0,0,0,32000000,0,0,0,211000000,1022000000,201000000,0,0,0,1095000000,1306000000,821000000
MDT,quarterly,2011-04-30,USD,3225000000,4295000000,1070000000,1070000000,1036000000,1789000000,394000000,1299000000,0,0,0,118000000,0,0,0,213000000,918000000,142000000,0,0,0,1036000000,1249000000,776000000
MDT,quarterly,2011-01-31,USD,2975000000,3961000000,986000000,986000000,1126000000,1729000000,371000000,1931000000,0,0,0,70000000,0,0,0,258000000,1013000000,89000000,0,0,0,1041000000,1299000000,924000000
MDT,quarterly,2010-10-31,USD,2942000000,3903000000,961000000,961000000,865000000,1677000000,397000000,2123000000,0,0,0,67000000,0,0,0,215000000,752000000,186000000,0,0,0,865000000,1080000000,566000000
MDT,quarterly,2010-07-31,USD,2880000000,3773000000,893000000,893000000,1147000000,1704000000,385000000,1766000000,0,0,0,74000000,0,0,0,187000000,1040000000,210000000,0,0,0,1114000000,1301000000,830000000
MDT,quarterly,2010-04-30,USD,3184000000,4196000000,1012000000,1012000000,1342000000,1773000000,377000000,1869000000,0,0,0,108000000,0,0,0,206000000,1234000000,280000000,0,0,0,1342000000,1548000000,954000000
MDT,quarterly,2010-01-31,USD,2939000000,3851000000,912000000,912000000,1160000000,1672000000,344000000,1672000000,0,0,0,56000000,0,0,0,194000000,1063000000,232000000,0,0,0,1160000000,1354000000,831000000
MDT,quarterly,2009-10-31,USD,2916000000,3838000000,922000000,922000000,1203000000,1692000000,369000000,1752000000,0,0,0,93000000,0,0,0,184000000,1110000000,242000000,0,0,0,1164000000,1348000000,868000000
MDT,quarterly,2009-07-31,USD,2967000000,3933000000,966000000,966000000,665000000,1738000000,370000000,1834000000,0,0,0,66000000,0,0,0,188000000,561000000,116000000,0,0,0,665000000,853000000,445000000
MDT,quarterly,2009-04-30,USD,2897000000,3829000000,932000000,932000000,48000000,1682000000,368000000,2078000000,0,0,0,92000000,0,0,0,177000000,48000000,-80000000,0,0,0,-548000000,-371000000,128000000
MDT,quarterly,2009-01-31,USD,2646000000,3494000000,848000000,848000000,932000000,1594000000,337000000,1594000000,0,0,0,91000000,0,0,0,170000000,932000000,209000000,0,0,0,984000000,1154000000,723000000
MDT,quarterly,2008-10-31,USD,2687000000,3570000000,883000000,883000000,661000000,1589000000,326000000,1589000000,0,0,0,90000000,0,0,0,179000000,661000000,90000000,0,0,0,713000000,892000000,571000000
MDT,quarterly,2008-07-31,USD,2851000000,3706000000,855000000,855000000,953000000,1642000000,324000000,1642000000,0,0,0,24000000,0,0,0,173000000,953000000,206000000,0,0,0,1014000000,1187000000,747000000
MDT,quarterly,2008-04-30,USD,2916000000,3860000000,944000000,944000000,1004000000,1645000000,348000000,1645000000,0,0,0,62000000,0,0,0,180000000,1004000000,191000000,0,0,0,1271000000,1451000000,813000000
MDT,quarterly,2008-01-31,USD,2535000000,3405000000,870000000,870000000,135000000,1536000000,329000000,1536000000,0,0,0,75000000,0,0,0,181000000,135000000,58000000,0,0,0,999000000,1180000000,77000000
MDT,quarterly,2007-10-31,USD,2284000000,3124000000,840000000,840000000,868000000,1405000000,298000000,1405000000,0,0,0,65000000,0,0,0,127000000,868000000,202000000,0,0,0,879000000,1006000000,666000000
MDT,quarterly,2007-07-31,USD,2335000000,3127000000,792000000,792000000,879000000,1396000000,300000000,1396000000,0,0,0,53000000,0,0,0,149000000,879000000,204000000,0,0,0,939000000,1088000000,675000000
MDT,quarterly,2007-04-30,USD,2414000000,3280000000,866000000,866000000,855000000,1422000000,327000000,1382000000,0,0,0,67000000,0,0,0,168000000,855000000,43000000,0,0,0,1032000000,1200000000,812000000
MDT,quarterly,2007-01-31,USD,2273000000,3048000000,775000000,775000000,934000000,1331000000,293000000,1331000000,0,0,0,111000000,0,0,0,138000000,934000000,224000000,0,0,0,942000000,1080000000,710000000
MDT,quarterly,2006-10-31,USD,2280000000,3075000000,795000000,795000000,911000000,1356000000,320000000,1356000000,0,0,0,57000000,0,0,0,137000000,911000000,230000000,0,0,0,924000000,1061000000,681000000
MDT,quarterly,2006-07-31,USD,2165000000,2897000000,732000000,732000000,815000000,1283000000,299000000,1283000000,0,0,0,111000000,0,0,0,140000000,815000000,216000000,0,0,0,882000000,1022000000,599000000
MDT,quarterly,2006-04-30,USD,2298700000,3066700000,768000000,768000000,999900000,1268100000,294000000,1268100000,0,0,0,34300000,0,0,0,136500000,999900000,259900000,0,0,0,1030600000,1167100000,740000000
MDT,quarterly,2006-01-31,USD,2070800000,2769500000,698700000,698700000,904900000,1180000000,280300000,1180000000,0,0,0,31900000,0,0,0,138400000,904900000,235300000,0,0,0,889600000,1028000000,669600000
MDT,quarterly,2005-10-31,USD,2070600000,2765400000,694800000,694800000,764900000,1178600000,275400000,1178600000,0,0,0,28400000,0,0,0,141100000,764900000,-51600000,0,0,0,891900000,1033000000,816500000
MDT,quarterly,2005-07-31,USD,2036600000,2690400000,653800000,653800000,491600000,1145600000,263200000,1145600000,0,0,0,21400000,0,0,0,127600000,491600000,171000000,0,0,0,891400000,1019000000,320600000
MDT,quarterly,2005-04-30,USD,2072300000,2778000000,705700000,705700000,278900000,1105600000,247900000,1105600000,0,0,0,15200000,0,0,0,124000000,278900000,84500000,0,0,0,966700000,1090700000,194400000
MDT,quarterly,2005-01-31,USD,1925100000,2530700000,605600000,605600000,764000000,1055200000,241000000,1055200000,0,0,0,14400000,0,0,0,115600000,764000000,219900000,0,0,0,869900000,985500000,544100000
